<?xml version="1.0" encoding="UTF-8"?>
<collection
  xmlns:xsi="http://www.w3.org/2001/XMLSchema-instance"
  xsi:schemaLocation="http://www.loc.gov/MARC21/slim http://www.loc.gov/standards/marcxml/schema/MARC21slim.xsd"
  xmlns="http://www.loc.gov/MARC21/slim">

<record>
  <leader>         a              </leader>
  <datafield tag="245" ind1="0" ind2="0">
    <subfield code="a">Marc the Large Record</subfield>
  </datafield>
  <datafield tag="500" ind1=" " ind2=" ">
    <subfield code="a">This is a note.  This is a large note.  This is note that is so large, the margins of this terminal window are not nearly wide enough to contain it.  This is large note #1</subfield>
  </datafield>
  <datafield tag="500" ind1=" " ind2=" ">
    <subfield code="a">This is a note.  This is a large note.  This is note that is so large, the margins of this terminal window are not nearly wide enough to contain it.  This is large note #2</subfield>
  </datafield>
  <datafield tag="500" ind1=" " ind2=" ">
    <subfield code="a">This is a note.  This is a large note.  This is note that is so large, the margins of this terminal window are not nearly wide enough to contain it.  This is large note #3</subfield>
  </datafield>
  <datafield tag="500" ind1=" " ind2=" ">
    <subfield code="a">This is a note.  This is a large note.  This is note that is so large, the margins of this terminal window are not nearly wide enough to contain it.  This is large note #4</subfield>
  </datafield>
  <datafield tag="500" ind1=" " ind2=" ">
    <subfield code="a">This is a note.  This is a large note.  This is note that is so large, the margins of this terminal window are not nearly wide enough to contain it.  This is large note #5</subfield>
  </datafield>
  <datafield tag="500" ind1=" " ind2=" ">
    <subfield code="a">This is a note.  This is a large note.  This is note that is so large, the margins of this terminal window are not nearly wide enough to contain it.  This is large note #6</subfield>
  </datafield>
  <datafield tag="500" ind1=" " ind2=" ">
    <subfield code="a">This is a note.  This is a large note.  This is note that is so large, the margins of this terminal window are not nearly wide enough to contain it.  This is large note #7</subfield>
  </datafield>
  <datafield tag="500" ind1=" " ind2=" ">
    <subfield code="a">This is a note.  This is a large note.  This is note that is so large, the margins of this terminal window are not nearly wide enough to contain it.  This is large note #8</subfield>
  </datafield>
  <datafield tag="500" ind1=" " ind2=" ">
    <subfield code="a">This is a note.  This is a large note.  This is note that is so large, the margins of this terminal window are not nearly wide enough to contain it.  This is large note #9</subfield>
  </datafield>
  <datafield tag="500" ind1=" " ind2=" ">
    <subfield code="a">This is a note.  This is a large note.  This is note that is so large, the margins of this terminal window are not nearly wide enough to contain it.  This is large note #10</subfield>
  </datafield>
  <datafield tag="500" ind1=" " ind2=" ">
    <subfield code="a">This is a note.  This is a large note.  This is note that is so large, the margins of this terminal window are not nearly wide enough to contain it.  This is large note #11</subfield>
  </datafield>
  <datafield tag="500" ind1=" " ind2=" ">
    <subfield code="a">This is a note.  This is a large note.  This is note that is so large, the margins of this terminal window are not nearly wide enough to contain it.  This is large note #12</subfield>
  </datafield>
  <datafield tag="500" ind1=" " ind2=" ">
    <subfield code="a">This is a note.  This is a large note.  This is note that is so large, the margins of this terminal window are not nearly wide enough to contain it.  This is large note #13</subfield>
  </datafield>
  <datafield tag="500" ind1=" " ind2=" ">
    <subfield code="a">This is a note.  This is a large note.  This is note that is so large, the margins of this terminal window are not nearly wide enough to contain it.  This is large note #14</subfield>
  </datafield>
  <datafield tag="500" ind1=" " ind2=" ">
    <subfield code="a">This is a note.  This is a large note.  This is note that is so large, the margins of this terminal window are not nearly wide enough to contain it.  This is large note #15</subfield>
  </datafield>
  <datafield tag="500" ind1=" " ind2=" ">
    <subfield code="a">This is a note.  This is a large note.  This is note that is so large, the margins of this terminal window are not nearly wide enough to contain it.  This is large note #16</subfield>
  </datafield>
  <datafield tag="500" ind1=" " ind2=" ">
    <subfield code="a">This is a note.  This is a large note.  This is note that is so large, the margins of this terminal window are not nearly wide enough to contain it.  This is large note #17</subfield>
  </datafield>
  <datafield tag="500" ind1=" " ind2=" ">
    <subfield code="a">This is a note.  This is a large note.  This is note that is so large, the margins of this terminal window are not nearly wide enough to contain it.  This is large note #18</subfield>
  </datafield>
  <datafield tag="500" ind1=" " ind2=" ">
    <subfield code="a">This is a note.  This is a large note.  This is note that is so large, the margins of this terminal window are not nearly wide enough to contain it.  This is large note #19</subfield>
  </datafield>
  <datafield tag="500" ind1=" " ind2=" ">
    <subfield code="a">This is a note.  This is a large note.  This is note that is so large, the margins of this terminal window are not nearly wide enough to contain it.  This is large note #20</subfield>
  </datafield>
  <datafield tag="500" ind1=" " ind2=" ">
    <subfield code="a">This is a note.  This is a large note.  This is note that is so large, the margins of this terminal window are not nearly wide enough to contain it.  This is large note #21</subfield>
  </datafield>
  <datafield tag="500" ind1=" " ind2=" ">
    <subfield code="a">This is a note.  This is a large note.  This is note that is so large, the margins of this terminal window are not nearly wide enough to contain it.  This is large note #22</subfield>
  </datafield>
  <datafield tag="500" ind1=" " ind2=" ">
    <subfield code="a">This is a note.  This is a large note.  This is note that is so large, the margins of this terminal window are not nearly wide enough to contain it.  This is large note #23</subfield>
  </datafield>
  <datafield tag="500" ind1=" " ind2=" ">
    <subfield code="a">This is a note.  This is a large note.  This is note that is so large, the margins of this terminal window are not nearly wide enough to contain it.  This is large note #24</subfield>
  </datafield>
  <datafield tag="500" ind1=" " ind2=" ">
    <subfield code="a">This is a note.  This is a large note.  This is note that is so large, the margins of this terminal window are not nearly wide enough to contain it.  This is large note #25</subfield>
  </datafield>
  <datafield tag="500" ind1=" " ind2=" ">
    <subfield code="a">This is a note.  This is a large note.  This is note that is so large, the margins of this terminal window are not nearly wide enough to contain it.  This is large note #26</subfield>
  </datafield>
  <datafield tag="500" ind1=" " ind2=" ">
    <subfield code="a">This is a note.  This is a large note.  This is note that is so large, the margins of this terminal window are not nearly wide enough to contain it.  This is large note #27</subfield>
  </datafield>
  <datafield tag="500" ind1=" " ind2=" ">
    <subfield code="a">This is a note.  This is a large note.  This is note that is so large, the margins of this terminal window are not nearly wide enough to contain it.  This is large note #28</subfield>
  </datafield>
  <datafield tag="500" ind1=" " ind2=" ">
    <subfield code="a">This is a note.  This is a large note.  This is note that is so large, the margins of this terminal window are not nearly wide enough to contain it.  This is large note #29</subfield>
  </datafield>
  <datafield tag="500" ind1=" " ind2=" ">
    <subfield code="a">This is a note.  This is a large note.  This is note that is so large, the margins of this terminal window are not nearly wide enough to contain it.  This is large note #30</subfield>
  </datafield>
  <datafield tag="500" ind1=" " ind2=" ">
    <subfield code="a">This is a note.  This is a large note.  This is note that is so large, the margins of this terminal window are not nearly wide enough to contain it.  This is large note #31</subfield>
  </datafield>
  <datafield tag="500" ind1=" " ind2=" ">
    <subfield code="a">This is a note.  This is a large note.  This is note that is so large, the margins of this terminal window are not nearly wide enough to contain it.  This is large note #32</subfield>
  </datafield>
  <datafield tag="500" ind1=" " ind2=" ">
    <subfield code="a">This is a note.  This is a large note.  This is note that is so large, the margins of this terminal window are not nearly wide enough to contain it.  This is large note #33</subfield>
  </datafield>
  <datafield tag="500" ind1=" " ind2=" ">
    <subfield code="a">This is a note.  This is a large note.  This is note that is so large, the margins of this terminal window are not nearly wide enough to contain it.  This is large note #34</subfield>
  </datafield>
  <datafield tag="500" ind1=" " ind2=" ">
    <subfield code="a">This is a note.  This is a large note.  This is note that is so large, the margins of this terminal window are not nearly wide enough to contain it.  This is large note #35</subfield>
  </datafield>
  <datafield tag="500" ind1=" " ind2=" ">
    <subfield code="a">This is a note.  This is a large note.  This is note that is so large, the margins of this terminal window are not nearly wide enough to contain it.  This is large note #36</subfield>
  </datafield>
  <datafield tag="500" ind1=" " ind2=" ">
    <subfield code="a">This is a note.  This is a large note.  This is note that is so large, the margins of this terminal window are not nearly wide enough to contain it.  This is large note #37</subfield>
  </datafield>
  <datafield tag="500" ind1=" " ind2=" ">
    <subfield code="a">This is a note.  This is a large note.  This is note that is so large, the margins of this terminal window are not nearly wide enough to contain it.  This is large note #38</subfield>
  </datafield>
  <datafield tag="500" ind1=" " ind2=" ">
    <subfield code="a">This is a note.  This is a large note.  This is note that is so large, the margins of this terminal window are not nearly wide enough to contain it.  This is large note #39</subfield>
  </datafield>
  <datafield tag="500" ind1=" " ind2=" ">
    <subfield code="a">This is a note.  This is a large note.  This is note that is so large, the margins of this terminal window are not nearly wide enough to contain it.  This is large note #40</subfield>
  </datafield>
  <datafield tag="500" ind1=" " ind2=" ">
    <subfield code="a">This is a note.  This is a large note.  This is note that is so large, the margins of this terminal window are not nearly wide enough to contain it.  This is large note #41</subfield>
  </datafield>
  <datafield tag="500" ind1=" " ind2=" ">
    <subfield code="a">This is a note.  This is a large note.  This is note that is so large, the margins of this terminal window are not nearly wide enough to contain it.  This is large note #42</subfield>
  </datafield>
  <datafield tag="500" ind1=" " ind2=" ">
    <subfield code="a">This is a note.  This is a large note.  This is note that is so large, the margins of this terminal window are not nearly wide enough to contain it.  This is large note #43</subfield>
  </datafield>
  <datafield tag="500" ind1=" " ind2=" ">
    <subfield code="a">This is a note.  This is a large note.  This is note that is so large, the margins of this terminal window are not nearly wide enough to contain it.  This is large note #44</subfield>
  </datafield>
  <datafield tag="500" ind1=" " ind2=" ">
    <subfield code="a">This is a note.  This is a large note.  This is note that is so large, the margins of this terminal window are not nearly wide enough to contain it.  This is large note #45</subfield>
  </datafield>
  <datafield tag="500" ind1=" " ind2=" ">
    <subfield code="a">This is a note.  This is a large note.  This is note that is so large, the margins of this terminal window are not nearly wide enough to contain it.  This is large note #46</subfield>
  </datafield>
  <datafield tag="500" ind1=" " ind2=" ">
    <subfield code="a">This is a note.  This is a large note.  This is note that is so large, the margins of this terminal window are not nearly wide enough to contain it.  This is large note #47</subfield>
  </datafield>
  <datafield tag="500" ind1=" " ind2=" ">
    <subfield code="a">This is a note.  This is a large note.  This is note that is so large, the margins of this terminal window are not nearly wide enough to contain it.  This is large note #48</subfield>
  </datafield>
  <datafield tag="500" ind1=" " ind2=" ">
    <subfield code="a">This is a note.  This is a large note.  This is note that is so large, the margins of this terminal window are not nearly wide enough to contain it.  This is large note #49</subfield>
  </datafield>
  <datafield tag="500" ind1=" " ind2=" ">
    <subfield code="a">This is a note.  This is a large note.  This is note that is so large, the margins of this terminal window are not nearly wide enough to contain it.  This is large note #50</subfield>
  </datafield>
  <datafield tag="500" ind1=" " ind2=" ">
    <subfield code="a">This is a note.  This is a large note.  This is note that is so large, the margins of this terminal window are not nearly wide enough to contain it.  This is large note #51</subfield>
  </datafield>
  <datafield tag="500" ind1=" " ind2=" ">
    <subfield code="a">This is a note.  This is a large note.  This is note that is so large, the margins of this terminal window are not nearly wide enough to contain it.  This is large note #52</subfield>
  </datafield>
  <datafield tag="500" ind1=" " ind2=" ">
    <subfield code="a">This is a note.  This is a large note.  This is note that is so large, the margins of this terminal window are not nearly wide enough to contain it.  This is large note #53</subfield>
  </datafield>
  <datafield tag="500" ind1=" " ind2=" ">
    <subfield code="a">This is a note.  This is a large note.  This is note that is so large, the margins of this terminal window are not nearly wide enough to contain it.  This is large note #54</subfield>
  </datafield>
  <datafield tag="500" ind1=" " ind2=" ">
    <subfield code="a">This is a note.  This is a large note.  This is note that is so large, the margins of this terminal window are not nearly wide enough to contain it.  This is large note #55</subfield>
  </datafield>
  <datafield tag="500" ind1=" " ind2=" ">
    <subfield code="a">This is a note.  This is a large note.  This is note that is so large, the margins of this terminal window are not nearly wide enough to contain it.  This is large note #56</subfield>
  </datafield>
  <datafield tag="500" ind1=" " ind2=" ">
    <subfield code="a">This is a note.  This is a large note.  This is note that is so large, the margins of this terminal window are not nearly wide enough to contain it.  This is large note #57</subfield>
  </datafield>
  <datafield tag="500" ind1=" " ind2=" ">
    <subfield code="a">This is a note.  This is a large note.  This is note that is so large, the margins of this terminal window are not nearly wide enough to contain it.  This is large note #58</subfield>
  </datafield>
  <datafield tag="500" ind1=" " ind2=" ">
    <subfield code="a">This is a note.  This is a large note.  This is note that is so large, the margins of this terminal window are not nearly wide enough to contain it.  This is large note #59</subfield>
  </datafield>
  <datafield tag="500" ind1=" " ind2=" ">
    <subfield code="a">This is a note.  This is a large note.  This is note that is so large, the margins of this terminal window are not nearly wide enough to contain it.  This is large note #60</subfield>
  </datafield>
  <datafield tag="500" ind1=" " ind2=" ">
    <subfield code="a">This is a note.  This is a large note.  This is note that is so large, the margins of this terminal window are not nearly wide enough to contain it.  This is large note #61</subfield>
  </datafield>
  <datafield tag="500" ind1=" " ind2=" ">
    <subfield code="a">This is a note.  This is a large note.  This is note that is so large, the margins of this terminal window are not nearly wide enough to contain it.  This is large note #62</subfield>
  </datafield>
  <datafield tag="500" ind1=" " ind2=" ">
    <subfield code="a">This is a note.  This is a large note.  This is note that is so large, the margins of this terminal window are not nearly wide enough to contain it.  This is large note #63</subfield>
  </datafield>
  <datafield tag="500" ind1=" " ind2=" ">
    <subfield code="a">This is a note.  This is a large note.  This is note that is so large, the margins of this terminal window are not nearly wide enough to contain it.  This is large note #64</subfield>
  </datafield>
  <datafield tag="500" ind1=" " ind2=" ">
    <subfield code="a">This is a note.  This is a large note.  This is note that is so large, the margins of this terminal window are not nearly wide enough to contain it.  This is large note #65</subfield>
  </datafield>
  <datafield tag="500" ind1=" " ind2=" ">
    <subfield code="a">This is a note.  This is a large note.  This is note that is so large, the margins of this terminal window are not nearly wide enough to contain it.  This is large note #66</subfield>
  </datafield>
  <datafield tag="500" ind1=" " ind2=" ">
    <subfield code="a">This is a note.  This is a large note.  This is note that is so large, the margins of this terminal window are not nearly wide enough to contain it.  This is large note #67</subfield>
  </datafield>
  <datafield tag="500" ind1=" " ind2=" ">
    <subfield code="a">This is a note.  This is a large note.  This is note that is so large, the margins of this terminal window are not nearly wide enough to contain it.  This is large note #68</subfield>
  </datafield>
  <datafield tag="500" ind1=" " ind2=" ">
    <subfield code="a">This is a note.  This is a large note.  This is note that is so large, the margins of this terminal window are not nearly wide enough to contain it.  This is large note #69</subfield>
  </datafield>
  <datafield tag="500" ind1=" " ind2=" ">
    <subfield code="a">This is a note.  This is a large note.  This is note that is so large, the margins of this terminal window are not nearly wide enough to contain it.  This is large note #70</subfield>
  </datafield>
  <datafield tag="500" ind1=" " ind2=" ">
    <subfield code="a">This is a note.  This is a large note.  This is note that is so large, the margins of this terminal window are not nearly wide enough to contain it.  This is large note #71</subfield>
  </datafield>
  <datafield tag="500" ind1=" " ind2=" ">
    <subfield code="a">This is a note.  This is a large note.  This is note that is so large, the margins of this terminal window are not nearly wide enough to contain it.  This is large note #72</subfield>
  </datafield>
  <datafield tag="500" ind1=" " ind2=" ">
    <subfield code="a">This is a note.  This is a large note.  This is note that is so large, the margins of this terminal window are not nearly wide enough to contain it.  This is large note #73</subfield>
  </datafield>
  <datafield tag="500" ind1=" " ind2=" ">
    <subfield code="a">This is a note.  This is a large note.  This is note that is so large, the margins of this terminal window are not nearly wide enough to contain it.  This is large note #74</subfield>
  </datafield>
  <datafield tag="500" ind1=" " ind2=" ">
    <subfield code="a">This is a note.  This is a large note.  This is note that is so large, the margins of this terminal window are not nearly wide enough to contain it.  This is large note #75</subfield>
  </datafield>
  <datafield tag="500" ind1=" " ind2=" ">
    <subfield code="a">This is a note.  This is a large note.  This is note that is so large, the margins of this terminal window are not nearly wide enough to contain it.  This is large note #76</subfield>
  </datafield>
  <datafield tag="500" ind1=" " ind2=" ">
    <subfield code="a">This is a note.  This is a large note.  This is note that is so large, the margins of this terminal window are not nearly wide enough to contain it.  This is large note #77</subfield>
  </datafield>
  <datafield tag="500" ind1=" " ind2=" ">
    <subfield code="a">This is a note.  This is a large note.  This is note that is so large, the margins of this terminal window are not nearly wide enough to contain it.  This is large note #78</subfield>
  </datafield>
  <datafield tag="500" ind1=" " ind2=" ">
    <subfield code="a">This is a note.  This is a large note.  This is note that is so large, the margins of this terminal window are not nearly wide enough to contain it.  This is large note #79</subfield>
  </datafield>
  <datafield tag="500" ind1=" " ind2=" ">
    <subfield code="a">This is a note.  This is a large note.  This is note that is so large, the margins of this terminal window are not nearly wide enough to contain it.  This is large note #80</subfield>
  </datafield>
  <datafield tag="500" ind1=" " ind2=" ">
    <subfield code="a">This is a note.  This is a large note.  This is note that is so large, the margins of this terminal window are not nearly wide enough to contain it.  This is large note #81</subfield>
  </datafield>
  <datafield tag="500" ind1=" " ind2=" ">
    <subfield code="a">This is a note.  This is a large note.  This is note that is so large, the margins of this terminal window are not nearly wide enough to contain it.  This is large note #82</subfield>
  </datafield>
  <datafield tag="500" ind1=" " ind2=" ">
    <subfield code="a">This is a note.  This is a large note.  This is note that is so large, the margins of this terminal window are not nearly wide enough to contain it.  This is large note #83</subfield>
  </datafield>
  <datafield tag="500" ind1=" " ind2=" ">
    <subfield code="a">This is a note.  This is a large note.  This is note that is so large, the margins of this terminal window are not nearly wide enough to contain it.  This is large note #84</subfield>
  </datafield>
  <datafield tag="500" ind1=" " ind2=" ">
    <subfield code="a">This is a note.  This is a large note.  This is note that is so large, the margins of this terminal window are not nearly wide enough to contain it.  This is large note #85</subfield>
  </datafield>
  <datafield tag="500" ind1=" " ind2=" ">
    <subfield code="a">This is a note.  This is a large note.  This is note that is so large, the margins of this terminal window are not nearly wide enough to contain it.  This is large note #86</subfield>
  </datafield>
  <datafield tag="500" ind1=" " ind2=" ">
    <subfield code="a">This is a note.  This is a large note.  This is note that is so large, the margins of this terminal window are not nearly wide enough to contain it.  This is large note #87</subfield>
  </datafield>
  <datafield tag="500" ind1=" " ind2=" ">
    <subfield code="a">This is a note.  This is a large note.  This is note that is so large, the margins of this terminal window are not nearly wide enough to contain it.  This is large note #88</subfield>
  </datafield>
  <datafield tag="500" ind1=" " ind2=" ">
    <subfield code="a">This is a note.  This is a large note.  This is note that is so large, the margins of this terminal window are not nearly wide enough to contain it.  This is large note #89</subfield>
  </datafield>
  <datafield tag="500" ind1=" " ind2=" ">
    <subfield code="a">This is a note.  This is a large note.  This is note that is so large, the margins of this terminal window are not nearly wide enough to contain it.  This is large note #90</subfield>
  </datafield>
  <datafield tag="500" ind1=" " ind2=" ">
    <subfield code="a">This is a note.  This is a large note.  This is note that is so large, the margins of this terminal window are not nearly wide enough to contain it.  This is large note #91</subfield>
  </datafield>
  <datafield tag="500" ind1=" " ind2=" ">
    <subfield code="a">This is a note.  This is a large note.  This is note that is so large, the margins of this terminal window are not nearly wide enough to contain it.  This is large note #92</subfield>
  </datafield>
  <datafield tag="500" ind1=" " ind2=" ">
    <subfield code="a">This is a note.  This is a large note.  This is note that is so large, the margins of this terminal window are not nearly wide enough to contain it.  This is large note #93</subfield>
  </datafield>
  <datafield tag="500" ind1=" " ind2=" ">
    <subfield code="a">This is a note.  This is a large note.  This is note that is so large, the margins of this terminal window are not nearly wide enough to contain it.  This is large note #94</subfield>
  </datafield>
  <datafield tag="500" ind1=" " ind2=" ">
    <subfield code="a">This is a note.  This is a large note.  This is note that is so large, the margins of this terminal window are not nearly wide enough to contain it.  This is large note #95</subfield>
  </datafield>
  <datafield tag="500" ind1=" " ind2=" ">
    <subfield code="a">This is a note.  This is a large note.  This is note that is so large, the margins of this terminal window are not nearly wide enough to contain it.  This is large note #96</subfield>
  </datafield>
  <datafield tag="500" ind1=" " ind2=" ">
    <subfield code="a">This is a note.  This is a large note.  This is note that is so large, the margins of this terminal window are not nearly wide enough to contain it.  This is large note #97</subfield>
  </datafield>
  <datafield tag="500" ind1=" " ind2=" ">
    <subfield code="a">This is a note.  This is a large note.  This is note that is so large, the margins of this terminal window are not nearly wide enough to contain it.  This is large note #98</subfield>
  </datafield>
  <datafield tag="500" ind1=" " ind2=" ">
    <subfield code="a">This is a note.  This is a large note.  This is note that is so large, the margins of this terminal window are not nearly wide enough to contain it.  This is large note #99</subfield>
  </datafield>
  <datafield tag="500" ind1=" " ind2=" ">
    <subfield code="a">This is a note.  This is a large note.  This is note that is so large, the margins of this terminal window are not nearly wide enough to contain it.  This is large note #100</subfield>
  </datafield>
  <datafield tag="500" ind1=" " ind2=" ">
    <subfield code="a">This is a note.  This is a large note.  This is note that is so large, the margins of this terminal window are not nearly wide enough to contain it.  This is large note #101</subfield>
  </datafield>
  <datafield tag="500" ind1=" " ind2=" ">
    <subfield code="a">This is a note.  This is a large note.  This is note that is so large, the margins of this terminal window are not nearly wide enough to contain it.  This is large note #102</subfield>
  </datafield>
  <datafield tag="500" ind1=" " ind2=" ">
    <subfield code="a">This is a note.  This is a large note.  This is note that is so large, the margins of this terminal window are not nearly wide enough to contain it.  This is large note #103</subfield>
  </datafield>
  <datafield tag="500" ind1=" " ind2=" ">
    <subfield code="a">This is a note.  This is a large note.  This is note that is so large, the margins of this terminal window are not nearly wide enough to contain it.  This is large note #104</subfield>
  </datafield>
  <datafield tag="500" ind1=" " ind2=" ">
    <subfield code="a">This is a note.  This is a large note.  This is note that is so large, the margins of this terminal window are not nearly wide enough to contain it.  This is large note #105</subfield>
  </datafield>
  <datafield tag="500" ind1=" " ind2=" ">
    <subfield code="a">This is a note.  This is a large note.  This is note that is so large, the margins of this terminal window are not nearly wide enough to contain it.  This is large note #106</subfield>
  </datafield>
  <datafield tag="500" ind1=" " ind2=" ">
    <subfield code="a">This is a note.  This is a large note.  This is note that is so large, the margins of this terminal window are not nearly wide enough to contain it.  This is large note #107</subfield>
  </datafield>
  <datafield tag="500" ind1=" " ind2=" ">
    <subfield code="a">This is a note.  This is a large note.  This is note that is so large, the margins of this terminal window are not nearly wide enough to contain it.  This is large note #108</subfield>
  </datafield>
  <datafield tag="500" ind1=" " ind2=" ">
    <subfield code="a">This is a note.  This is a large note.  This is note that is so large, the margins of this terminal window are not nearly wide enough to contain it.  This is large note #109</subfield>
  </datafield>
  <datafield tag="500" ind1=" " ind2=" ">
    <subfield code="a">This is a note.  This is a large note.  This is note that is so large, the margins of this terminal window are not nearly wide enough to contain it.  This is large note #110</subfield>
  </datafield>
  <datafield tag="500" ind1=" " ind2=" ">
    <subfield code="a">This is a note.  This is a large note.  This is note that is so large, the margins of this terminal window are not nearly wide enough to contain it.  This is large note #111</subfield>
  </datafield>
  <datafield tag="500" ind1=" " ind2=" ">
    <subfield code="a">This is a note.  This is a large note.  This is note that is so large, the margins of this terminal window are not nearly wide enough to contain it.  This is large note #112</subfield>
  </datafield>
  <datafield tag="500" ind1=" " ind2=" ">
    <subfield code="a">This is a note.  This is a large note.  This is note that is so large, the margins of this terminal window are not nearly wide enough to contain it.  This is large note #113</subfield>
  </datafield>
  <datafield tag="500" ind1=" " ind2=" ">
    <subfield code="a">This is a note.  This is a large note.  This is note that is so large, the margins of this terminal window are not nearly wide enough to contain it.  This is large note #114</subfield>
  </datafield>
  <datafield tag="500" ind1=" " ind2=" ">
    <subfield code="a">This is a note.  This is a large note.  This is note that is so large, the margins of this terminal window are not nearly wide enough to contain it.  This is large note #115</subfield>
  </datafield>
  <datafield tag="500" ind1=" " ind2=" ">
    <subfield code="a">This is a note.  This is a large note.  This is note that is so large, the margins of this terminal window are not nearly wide enough to contain it.  This is large note #116</subfield>
  </datafield>
  <datafield tag="500" ind1=" " ind2=" ">
    <subfield code="a">This is a note.  This is a large note.  This is note that is so large, the margins of this terminal window are not nearly wide enough to contain it.  This is large note #117</subfield>
  </datafield>
  <datafield tag="500" ind1=" " ind2=" ">
    <subfield code="a">This is a note.  This is a large note.  This is note that is so large, the margins of this terminal window are not nearly wide enough to contain it.  This is large note #118</subfield>
  </datafield>
  <datafield tag="500" ind1=" " ind2=" ">
    <subfield code="a">This is a note.  This is a large note.  This is note that is so large, the margins of this terminal window are not nearly wide enough to contain it.  This is large note #119</subfield>
  </datafield>
  <datafield tag="500" ind1=" " ind2=" ">
    <subfield code="a">This is a note.  This is a large note.  This is note that is so large, the margins of this terminal window are not nearly wide enough to contain it.  This is large note #120</subfield>
  </datafield>
  <datafield tag="500" ind1=" " ind2=" ">
    <subfield code="a">This is a note.  This is a large note.  This is note that is so large, the margins of this terminal window are not nearly wide enough to contain it.  This is large note #121</subfield>
  </datafield>
  <datafield tag="500" ind1=" " ind2=" ">
    <subfield code="a">This is a note.  This is a large note.  This is note that is so large, the margins of this terminal window are not nearly wide enough to contain it.  This is large note #122</subfield>
  </datafield>
  <datafield tag="500" ind1=" " ind2=" ">
    <subfield code="a">This is a note.  This is a large note.  This is note that is so large, the margins of this terminal window are not nearly wide enough to contain it.  This is large note #123</subfield>
  </datafield>
  <datafield tag="500" ind1=" " ind2=" ">
    <subfield code="a">This is a note.  This is a large note.  This is note that is so large, the margins of this terminal window are not nearly wide enough to contain it.  This is large note #124</subfield>
  </datafield>
  <datafield tag="500" ind1=" " ind2=" ">
    <subfield code="a">This is a note.  This is a large note.  This is note that is so large, the margins of this terminal window are not nearly wide enough to contain it.  This is large note #125</subfield>
  </datafield>
  <datafield tag="500" ind1=" " ind2=" ">
    <subfield code="a">This is a note.  This is a large note.  This is note that is so large, the margins of this terminal window are not nearly wide enough to contain it.  This is large note #126</subfield>
  </datafield>
  <datafield tag="500" ind1=" " ind2=" ">
    <subfield code="a">This is a note.  This is a large note.  This is note that is so large, the margins of this terminal window are not nearly wide enough to contain it.  This is large note #127</subfield>
  </datafield>
  <datafield tag="500" ind1=" " ind2=" ">
    <subfield code="a">This is a note.  This is a large note.  This is note that is so large, the margins of this terminal window are not nearly wide enough to contain it.  This is large note #128</subfield>
  </datafield>
  <datafield tag="500" ind1=" " ind2=" ">
    <subfield code="a">This is a note.  This is a large note.  This is note that is so large, the margins of this terminal window are not nearly wide enough to contain it.  This is large note #129</subfield>
  </datafield>
  <datafield tag="500" ind1=" " ind2=" ">
    <subfield code="a">This is a note.  This is a large note.  This is note that is so large, the margins of this terminal window are not nearly wide enough to contain it.  This is large note #130</subfield>
  </datafield>
  <datafield tag="500" ind1=" " ind2=" ">
    <subfield code="a">This is a note.  This is a large note.  This is note that is so large, the margins of this terminal window are not nearly wide enough to contain it.  This is large note #131</subfield>
  </datafield>
  <datafield tag="500" ind1=" " ind2=" ">
    <subfield code="a">This is a note.  This is a large note.  This is note that is so large, the margins of this terminal window are not nearly wide enough to contain it.  This is large note #132</subfield>
  </datafield>
  <datafield tag="500" ind1=" " ind2=" ">
    <subfield code="a">This is a note.  This is a large note.  This is note that is so large, the margins of this terminal window are not nearly wide enough to contain it.  This is large note #133</subfield>
  </datafield>
  <datafield tag="500" ind1=" " ind2=" ">
    <subfield code="a">This is a note.  This is a large note.  This is note that is so large, the margins of this terminal window are not nearly wide enough to contain it.  This is large note #134</subfield>
  </datafield>
  <datafield tag="500" ind1=" " ind2=" ">
    <subfield code="a">This is a note.  This is a large note.  This is note that is so large, the margins of this terminal window are not nearly wide enough to contain it.  This is large note #135</subfield>
  </datafield>
  <datafield tag="500" ind1=" " ind2=" ">
    <subfield code="a">This is a note.  This is a large note.  This is note that is so large, the margins of this terminal window are not nearly wide enough to contain it.  This is large note #136</subfield>
  </datafield>
  <datafield tag="500" ind1=" " ind2=" ">
    <subfield code="a">This is a note.  This is a large note.  This is note that is so large, the margins of this terminal window are not nearly wide enough to contain it.  This is large note #137</subfield>
  </datafield>
  <datafield tag="500" ind1=" " ind2=" ">
    <subfield code="a">This is a note.  This is a large note.  This is note that is so large, the margins of this terminal window are not nearly wide enough to contain it.  This is large note #138</subfield>
  </datafield>
  <datafield tag="500" ind1=" " ind2=" ">
    <subfield code="a">This is a note.  This is a large note.  This is note that is so large, the margins of this terminal window are not nearly wide enough to contain it.  This is large note #139</subfield>
  </datafield>
  <datafield tag="500" ind1=" " ind2=" ">
    <subfield code="a">This is a note.  This is a large note.  This is note that is so large, the margins of this terminal window are not nearly wide enough to contain it.  This is large note #140</subfield>
  </datafield>
  <datafield tag="500" ind1=" " ind2=" ">
    <subfield code="a">This is a note.  This is a large note.  This is note that is so large, the margins of this terminal window are not nearly wide enough to contain it.  This is large note #141</subfield>
  </datafield>
  <datafield tag="500" ind1=" " ind2=" ">
    <subfield code="a">This is a note.  This is a large note.  This is note that is so large, the margins of this terminal window are not nearly wide enough to contain it.  This is large note #142</subfield>
  </datafield>
  <datafield tag="500" ind1=" " ind2=" ">
    <subfield code="a">This is a note.  This is a large note.  This is note that is so large, the margins of this terminal window are not nearly wide enough to contain it.  This is large note #143</subfield>
  </datafield>
  <datafield tag="500" ind1=" " ind2=" ">
    <subfield code="a">This is a note.  This is a large note.  This is note that is so large, the margins of this terminal window are not nearly wide enough to contain it.  This is large note #144</subfield>
  </datafield>
  <datafield tag="500" ind1=" " ind2=" ">
    <subfield code="a">This is a note.  This is a large note.  This is note that is so large, the margins of this terminal window are not nearly wide enough to contain it.  This is large note #145</subfield>
  </datafield>
  <datafield tag="500" ind1=" " ind2=" ">
    <subfield code="a">This is a note.  This is a large note.  This is note that is so large, the margins of this terminal window are not nearly wide enough to contain it.  This is large note #146</subfield>
  </datafield>
  <datafield tag="500" ind1=" " ind2=" ">
    <subfield code="a">This is a note.  This is a large note.  This is note that is so large, the margins of this terminal window are not nearly wide enough to contain it.  This is large note #147</subfield>
  </datafield>
  <datafield tag="500" ind1=" " ind2=" ">
    <subfield code="a">This is a note.  This is a large note.  This is note that is so large, the margins of this terminal window are not nearly wide enough to contain it.  This is large note #148</subfield>
  </datafield>
  <datafield tag="500" ind1=" " ind2=" ">
    <subfield code="a">This is a note.  This is a large note.  This is note that is so large, the margins of this terminal window are not nearly wide enough to contain it.  This is large note #149</subfield>
  </datafield>
  <datafield tag="500" ind1=" " ind2=" ">
    <subfield code="a">This is a note.  This is a large note.  This is note that is so large, the margins of this terminal window are not nearly wide enough to contain it.  This is large note #150</subfield>
  </datafield>
  <datafield tag="500" ind1=" " ind2=" ">
    <subfield code="a">This is a note.  This is a large note.  This is note that is so large, the margins of this terminal window are not nearly wide enough to contain it.  This is large note #151</subfield>
  </datafield>
  <datafield tag="500" ind1=" " ind2=" ">
    <subfield code="a">This is a note.  This is a large note.  This is note that is so large, the margins of this terminal window are not nearly wide enough to contain it.  This is large note #152</subfield>
  </datafield>
  <datafield tag="500" ind1=" " ind2=" ">
    <subfield code="a">This is a note.  This is a large note.  This is note that is so large, the margins of this terminal window are not nearly wide enough to contain it.  This is large note #153</subfield>
  </datafield>
  <datafield tag="500" ind1=" " ind2=" ">
    <subfield code="a">This is a note.  This is a large note.  This is note that is so large, the margins of this terminal window are not nearly wide enough to contain it.  This is large note #154</subfield>
  </datafield>
  <datafield tag="500" ind1=" " ind2=" ">
    <subfield code="a">This is a note.  This is a large note.  This is note that is so large, the margins of this terminal window are not nearly wide enough to contain it.  This is large note #155</subfield>
  </datafield>
  <datafield tag="500" ind1=" " ind2=" ">
    <subfield code="a">This is a note.  This is a large note.  This is note that is so large, the margins of this terminal window are not nearly wide enough to contain it.  This is large note #156</subfield>
  </datafield>
  <datafield tag="500" ind1=" " ind2=" ">
    <subfield code="a">This is a note.  This is a large note.  This is note that is so large, the margins of this terminal window are not nearly wide enough to contain it.  This is large note #157</subfield>
  </datafield>
  <datafield tag="500" ind1=" " ind2=" ">
    <subfield code="a">This is a note.  This is a large note.  This is note that is so large, the margins of this terminal window are not nearly wide enough to contain it.  This is large note #158</subfield>
  </datafield>
  <datafield tag="500" ind1=" " ind2=" ">
    <subfield code="a">This is a note.  This is a large note.  This is note that is so large, the margins of this terminal window are not nearly wide enough to contain it.  This is large note #159</subfield>
  </datafield>
  <datafield tag="500" ind1=" " ind2=" ">
    <subfield code="a">This is a note.  This is a large note.  This is note that is so large, the margins of this terminal window are not nearly wide enough to contain it.  This is large note #160</subfield>
  </datafield>
  <datafield tag="500" ind1=" " ind2=" ">
    <subfield code="a">This is a note.  This is a large note.  This is note that is so large, the margins of this terminal window are not nearly wide enough to contain it.  This is large note #161</subfield>
  </datafield>
  <datafield tag="500" ind1=" " ind2=" ">
    <subfield code="a">This is a note.  This is a large note.  This is note that is so large, the margins of this terminal window are not nearly wide enough to contain it.  This is large note #162</subfield>
  </datafield>
  <datafield tag="500" ind1=" " ind2=" ">
    <subfield code="a">This is a note.  This is a large note.  This is note that is so large, the margins of this terminal window are not nearly wide enough to contain it.  This is large note #163</subfield>
  </datafield>
  <datafield tag="500" ind1=" " ind2=" ">
    <subfield code="a">This is a note.  This is a large note.  This is note that is so large, the margins of this terminal window are not nearly wide enough to contain it.  This is large note #164</subfield>
  </datafield>
  <datafield tag="500" ind1=" " ind2=" ">
    <subfield code="a">This is a note.  This is a large note.  This is note that is so large, the margins of this terminal window are not nearly wide enough to contain it.  This is large note #165</subfield>
  </datafield>
  <datafield tag="500" ind1=" " ind2=" ">
    <subfield code="a">This is a note.  This is a large note.  This is note that is so large, the margins of this terminal window are not nearly wide enough to contain it.  This is large note #166</subfield>
  </datafield>
  <datafield tag="500" ind1=" " ind2=" ">
    <subfield code="a">This is a note.  This is a large note.  This is note that is so large, the margins of this terminal window are not nearly wide enough to contain it.  This is large note #167</subfield>
  </datafield>
  <datafield tag="500" ind1=" " ind2=" ">
    <subfield code="a">This is a note.  This is a large note.  This is note that is so large, the margins of this terminal window are not nearly wide enough to contain it.  This is large note #168</subfield>
  </datafield>
  <datafield tag="500" ind1=" " ind2=" ">
    <subfield code="a">This is a note.  This is a large note.  This is note that is so large, the margins of this terminal window are not nearly wide enough to contain it.  This is large note #169</subfield>
  </datafield>
  <datafield tag="500" ind1=" " ind2=" ">
    <subfield code="a">This is a note.  This is a large note.  This is note that is so large, the margins of this terminal window are not nearly wide enough to contain it.  This is large note #170</subfield>
  </datafield>
  <datafield tag="500" ind1=" " ind2=" ">
    <subfield code="a">This is a note.  This is a large note.  This is note that is so large, the margins of this terminal window are not nearly wide enough to contain it.  This is large note #171</subfield>
  </datafield>
  <datafield tag="500" ind1=" " ind2=" ">
    <subfield code="a">This is a note.  This is a large note.  This is note that is so large, the margins of this terminal window are not nearly wide enough to contain it.  This is large note #172</subfield>
  </datafield>
  <datafield tag="500" ind1=" " ind2=" ">
    <subfield code="a">This is a note.  This is a large note.  This is note that is so large, the margins of this terminal window are not nearly wide enough to contain it.  This is large note #173</subfield>
  </datafield>
  <datafield tag="500" ind1=" " ind2=" ">
    <subfield code="a">This is a note.  This is a large note.  This is note that is so large, the margins of this terminal window are not nearly wide enough to contain it.  This is large note #174</subfield>
  </datafield>
  <datafield tag="500" ind1=" " ind2=" ">
    <subfield code="a">This is a note.  This is a large note.  This is note that is so large, the margins of this terminal window are not nearly wide enough to contain it.  This is large note #175</subfield>
  </datafield>
  <datafield tag="500" ind1=" " ind2=" ">
    <subfield code="a">This is a note.  This is a large note.  This is note that is so large, the margins of this terminal window are not nearly wide enough to contain it.  This is large note #176</subfield>
  </datafield>
  <datafield tag="500" ind1=" " ind2=" ">
    <subfield code="a">This is a note.  This is a large note.  This is note that is so large, the margins of this terminal window are not nearly wide enough to contain it.  This is large note #177</subfield>
  </datafield>
  <datafield tag="500" ind1=" " ind2=" ">
    <subfield code="a">This is a note.  This is a large note.  This is note that is so large, the margins of this terminal window are not nearly wide enough to contain it.  This is large note #178</subfield>
  </datafield>
  <datafield tag="500" ind1=" " ind2=" ">
    <subfield code="a">This is a note.  This is a large note.  This is note that is so large, the margins of this terminal window are not nearly wide enough to contain it.  This is large note #179</subfield>
  </datafield>
  <datafield tag="500" ind1=" " ind2=" ">
    <subfield code="a">This is a note.  This is a large note.  This is note that is so large, the margins of this terminal window are not nearly wide enough to contain it.  This is large note #180</subfield>
  </datafield>
  <datafield tag="500" ind1=" " ind2=" ">
    <subfield code="a">This is a note.  This is a large note.  This is note that is so large, the margins of this terminal window are not nearly wide enough to contain it.  This is large note #181</subfield>
  </datafield>
  <datafield tag="500" ind1=" " ind2=" ">
    <subfield code="a">This is a note.  This is a large note.  This is note that is so large, the margins of this terminal window are not nearly wide enough to contain it.  This is large note #182</subfield>
  </datafield>
  <datafield tag="500" ind1=" " ind2=" ">
    <subfield code="a">This is a note.  This is a large note.  This is note that is so large, the margins of this terminal window are not nearly wide enough to contain it.  This is large note #183</subfield>
  </datafield>
  <datafield tag="500" ind1=" " ind2=" ">
    <subfield code="a">This is a note.  This is a large note.  This is note that is so large, the margins of this terminal window are not nearly wide enough to contain it.  This is large note #184</subfield>
  </datafield>
  <datafield tag="500" ind1=" " ind2=" ">
    <subfield code="a">This is a note.  This is a large note.  This is note that is so large, the margins of this terminal window are not nearly wide enough to contain it.  This is large note #185</subfield>
  </datafield>
  <datafield tag="500" ind1=" " ind2=" ">
    <subfield code="a">This is a note.  This is a large note.  This is note that is so large, the margins of this terminal window are not nearly wide enough to contain it.  This is large note #186</subfield>
  </datafield>
  <datafield tag="500" ind1=" " ind2=" ">
    <subfield code="a">This is a note.  This is a large note.  This is note that is so large, the margins of this terminal window are not nearly wide enough to contain it.  This is large note #187</subfield>
  </datafield>
  <datafield tag="500" ind1=" " ind2=" ">
    <subfield code="a">This is a note.  This is a large note.  This is note that is so large, the margins of this terminal window are not nearly wide enough to contain it.  This is large note #188</subfield>
  </datafield>
  <datafield tag="500" ind1=" " ind2=" ">
    <subfield code="a">This is a note.  This is a large note.  This is note that is so large, the margins of this terminal window are not nearly wide enough to contain it.  This is large note #189</subfield>
  </datafield>
  <datafield tag="500" ind1=" " ind2=" ">
    <subfield code="a">This is a note.  This is a large note.  This is note that is so large, the margins of this terminal window are not nearly wide enough to contain it.  This is large note #190</subfield>
  </datafield>
  <datafield tag="500" ind1=" " ind2=" ">
    <subfield code="a">This is a note.  This is a large note.  This is note that is so large, the margins of this terminal window are not nearly wide enough to contain it.  This is large note #191</subfield>
  </datafield>
  <datafield tag="500" ind1=" " ind2=" ">
    <subfield code="a">This is a note.  This is a large note.  This is note that is so large, the margins of this terminal window are not nearly wide enough to contain it.  This is large note #192</subfield>
  </datafield>
  <datafield tag="500" ind1=" " ind2=" ">
    <subfield code="a">This is a note.  This is a large note.  This is note that is so large, the margins of this terminal window are not nearly wide enough to contain it.  This is large note #193</subfield>
  </datafield>
  <datafield tag="500" ind1=" " ind2=" ">
    <subfield code="a">This is a note.  This is a large note.  This is note that is so large, the margins of this terminal window are not nearly wide enough to contain it.  This is large note #194</subfield>
  </datafield>
  <datafield tag="500" ind1=" " ind2=" ">
    <subfield code="a">This is a note.  This is a large note.  This is note that is so large, the margins of this terminal window are not nearly wide enough to contain it.  This is large note #195</subfield>
  </datafield>
  <datafield tag="500" ind1=" " ind2=" ">
    <subfield code="a">This is a note.  This is a large note.  This is note that is so large, the margins of this terminal window are not nearly wide enough to contain it.  This is large note #196</subfield>
  </datafield>
  <datafield tag="500" ind1=" " ind2=" ">
    <subfield code="a">This is a note.  This is a large note.  This is note that is so large, the margins of this terminal window are not nearly wide enough to contain it.  This is large note #197</subfield>
  </datafield>
  <datafield tag="500" ind1=" " ind2=" ">
    <subfield code="a">This is a note.  This is a large note.  This is note that is so large, the margins of this terminal window are not nearly wide enough to contain it.  This is large note #198</subfield>
  </datafield>
  <datafield tag="500" ind1=" " ind2=" ">
    <subfield code="a">This is a note.  This is a large note.  This is note that is so large, the margins of this terminal window are not nearly wide enough to contain it.  This is large note #199</subfield>
  </datafield>
  <datafield tag="500" ind1=" " ind2=" ">
    <subfield code="a">This is a note.  This is a large note.  This is note that is so large, the margins of this terminal window are not nearly wide enough to contain it.  This is large note #200</subfield>
  </datafield>
  <datafield tag="500" ind1=" " ind2=" ">
    <subfield code="a">This is a note.  This is a large note.  This is note that is so large, the margins of this terminal window are not nearly wide enough to contain it.  This is large note #201</subfield>
  </datafield>
  <datafield tag="500" ind1=" " ind2=" ">
    <subfield code="a">This is a note.  This is a large note.  This is note that is so large, the margins of this terminal window are not nearly wide enough to contain it.  This is large note #202</subfield>
  </datafield>
  <datafield tag="500" ind1=" " ind2=" ">
    <subfield code="a">This is a note.  This is a large note.  This is note that is so large, the margins of this terminal window are not nearly wide enough to contain it.  This is large note #203</subfield>
  </datafield>
  <datafield tag="500" ind1=" " ind2=" ">
    <subfield code="a">This is a note.  This is a large note.  This is note that is so large, the margins of this terminal window are not nearly wide enough to contain it.  This is large note #204</subfield>
  </datafield>
  <datafield tag="500" ind1=" " ind2=" ">
    <subfield code="a">This is a note.  This is a large note.  This is note that is so large, the margins of this terminal window are not nearly wide enough to contain it.  This is large note #205</subfield>
  </datafield>
  <datafield tag="500" ind1=" " ind2=" ">
    <subfield code="a">This is a note.  This is a large note.  This is note that is so large, the margins of this terminal window are not nearly wide enough to contain it.  This is large note #206</subfield>
  </datafield>
  <datafield tag="500" ind1=" " ind2=" ">
    <subfield code="a">This is a note.  This is a large note.  This is note that is so large, the margins of this terminal window are not nearly wide enough to contain it.  This is large note #207</subfield>
  </datafield>
  <datafield tag="500" ind1=" " ind2=" ">
    <subfield code="a">This is a note.  This is a large note.  This is note that is so large, the margins of this terminal window are not nearly wide enough to contain it.  This is large note #208</subfield>
  </datafield>
  <datafield tag="500" ind1=" " ind2=" ">
    <subfield code="a">This is a note.  This is a large note.  This is note that is so large, the margins of this terminal window are not nearly wide enough to contain it.  This is large note #209</subfield>
  </datafield>
  <datafield tag="500" ind1=" " ind2=" ">
    <subfield code="a">This is a note.  This is a large note.  This is note that is so large, the margins of this terminal window are not nearly wide enough to contain it.  This is large note #210</subfield>
  </datafield>
  <datafield tag="500" ind1=" " ind2=" ">
    <subfield code="a">This is a note.  This is a large note.  This is note that is so large, the margins of this terminal window are not nearly wide enough to contain it.  This is large note #211</subfield>
  </datafield>
  <datafield tag="500" ind1=" " ind2=" ">
    <subfield code="a">This is a note.  This is a large note.  This is note that is so large, the margins of this terminal window are not nearly wide enough to contain it.  This is large note #212</subfield>
  </datafield>
  <datafield tag="500" ind1=" " ind2=" ">
    <subfield code="a">This is a note.  This is a large note.  This is note that is so large, the margins of this terminal window are not nearly wide enough to contain it.  This is large note #213</subfield>
  </datafield>
  <datafield tag="500" ind1=" " ind2=" ">
    <subfield code="a">This is a note.  This is a large note.  This is note that is so large, the margins of this terminal window are not nearly wide enough to contain it.  This is large note #214</subfield>
  </datafield>
  <datafield tag="500" ind1=" " ind2=" ">
    <subfield code="a">This is a note.  This is a large note.  This is note that is so large, the margins of this terminal window are not nearly wide enough to contain it.  This is large note #215</subfield>
  </datafield>
  <datafield tag="500" ind1=" " ind2=" ">
    <subfield code="a">This is a note.  This is a large note.  This is note that is so large, the margins of this terminal window are not nearly wide enough to contain it.  This is large note #216</subfield>
  </datafield>
  <datafield tag="500" ind1=" " ind2=" ">
    <subfield code="a">This is a note.  This is a large note.  This is note that is so large, the margins of this terminal window are not nearly wide enough to contain it.  This is large note #217</subfield>
  </datafield>
  <datafield tag="500" ind1=" " ind2=" ">
    <subfield code="a">This is a note.  This is a large note.  This is note that is so large, the margins of this terminal window are not nearly wide enough to contain it.  This is large note #218</subfield>
  </datafield>
  <datafield tag="500" ind1=" " ind2=" ">
    <subfield code="a">This is a note.  This is a large note.  This is note that is so large, the margins of this terminal window are not nearly wide enough to contain it.  This is large note #219</subfield>
  </datafield>
  <datafield tag="500" ind1=" " ind2=" ">
    <subfield code="a">This is a note.  This is a large note.  This is note that is so large, the margins of this terminal window are not nearly wide enough to contain it.  This is large note #220</subfield>
  </datafield>
  <datafield tag="500" ind1=" " ind2=" ">
    <subfield code="a">This is a note.  This is a large note.  This is note that is so large, the margins of this terminal window are not nearly wide enough to contain it.  This is large note #221</subfield>
  </datafield>
  <datafield tag="500" ind1=" " ind2=" ">
    <subfield code="a">This is a note.  This is a large note.  This is note that is so large, the margins of this terminal window are not nearly wide enough to contain it.  This is large note #222</subfield>
  </datafield>
  <datafield tag="500" ind1=" " ind2=" ">
    <subfield code="a">This is a note.  This is a large note.  This is note that is so large, the margins of this terminal window are not nearly wide enough to contain it.  This is large note #223</subfield>
  </datafield>
  <datafield tag="500" ind1=" " ind2=" ">
    <subfield code="a">This is a note.  This is a large note.  This is note that is so large, the margins of this terminal window are not nearly wide enough to contain it.  This is large note #224</subfield>
  </datafield>
  <datafield tag="500" ind1=" " ind2=" ">
    <subfield code="a">This is a note.  This is a large note.  This is note that is so large, the margins of this terminal window are not nearly wide enough to contain it.  This is large note #225</subfield>
  </datafield>
  <datafield tag="500" ind1=" " ind2=" ">
    <subfield code="a">This is a note.  This is a large note.  This is note that is so large, the margins of this terminal window are not nearly wide enough to contain it.  This is large note #226</subfield>
  </datafield>
  <datafield tag="500" ind1=" " ind2=" ">
    <subfield code="a">This is a note.  This is a large note.  This is note that is so large, the margins of this terminal window are not nearly wide enough to contain it.  This is large note #227</subfield>
  </datafield>
  <datafield tag="500" ind1=" " ind2=" ">
    <subfield code="a">This is a note.  This is a large note.  This is note that is so large, the margins of this terminal window are not nearly wide enough to contain it.  This is large note #228</subfield>
  </datafield>
  <datafield tag="500" ind1=" " ind2=" ">
    <subfield code="a">This is a note.  This is a large note.  This is note that is so large, the margins of this terminal window are not nearly wide enough to contain it.  This is large note #229</subfield>
  </datafield>
  <datafield tag="500" ind1=" " ind2=" ">
    <subfield code="a">This is a note.  This is a large note.  This is note that is so large, the margins of this terminal window are not nearly wide enough to contain it.  This is large note #230</subfield>
  </datafield>
  <datafield tag="500" ind1=" " ind2=" ">
    <subfield code="a">This is a note.  This is a large note.  This is note that is so large, the margins of this terminal window are not nearly wide enough to contain it.  This is large note #231</subfield>
  </datafield>
  <datafield tag="500" ind1=" " ind2=" ">
    <subfield code="a">This is a note.  This is a large note.  This is note that is so large, the margins of this terminal window are not nearly wide enough to contain it.  This is large note #232</subfield>
  </datafield>
  <datafield tag="500" ind1=" " ind2=" ">
    <subfield code="a">This is a note.  This is a large note.  This is note that is so large, the margins of this terminal window are not nearly wide enough to contain it.  This is large note #233</subfield>
  </datafield>
  <datafield tag="500" ind1=" " ind2=" ">
    <subfield code="a">This is a note.  This is a large note.  This is note that is so large, the margins of this terminal window are not nearly wide enough to contain it.  This is large note #234</subfield>
  </datafield>
  <datafield tag="500" ind1=" " ind2=" ">
    <subfield code="a">This is a note.  This is a large note.  This is note that is so large, the margins of this terminal window are not nearly wide enough to contain it.  This is large note #235</subfield>
  </datafield>
  <datafield tag="500" ind1=" " ind2=" ">
    <subfield code="a">This is a note.  This is a large note.  This is note that is so large, the margins of this terminal window are not nearly wide enough to contain it.  This is large note #236</subfield>
  </datafield>
  <datafield tag="500" ind1=" " ind2=" ">
    <subfield code="a">This is a note.  This is a large note.  This is note that is so large, the margins of this terminal window are not nearly wide enough to contain it.  This is large note #237</subfield>
  </datafield>
  <datafield tag="500" ind1=" " ind2=" ">
    <subfield code="a">This is a note.  This is a large note.  This is note that is so large, the margins of this terminal window are not nearly wide enough to contain it.  This is large note #238</subfield>
  </datafield>
  <datafield tag="500" ind1=" " ind2=" ">
    <subfield code="a">This is a note.  This is a large note.  This is note that is so large, the margins of this terminal window are not nearly wide enough to contain it.  This is large note #239</subfield>
  </datafield>
  <datafield tag="500" ind1=" " ind2=" ">
    <subfield code="a">This is a note.  This is a large note.  This is note that is so large, the margins of this terminal window are not nearly wide enough to contain it.  This is large note #240</subfield>
  </datafield>
  <datafield tag="500" ind1=" " ind2=" ">
    <subfield code="a">This is a note.  This is a large note.  This is note that is so large, the margins of this terminal window are not nearly wide enough to contain it.  This is large note #241</subfield>
  </datafield>
  <datafield tag="500" ind1=" " ind2=" ">
    <subfield code="a">This is a note.  This is a large note.  This is note that is so large, the margins of this terminal window are not nearly wide enough to contain it.  This is large note #242</subfield>
  </datafield>
  <datafield tag="500" ind1=" " ind2=" ">
    <subfield code="a">This is a note.  This is a large note.  This is note that is so large, the margins of this terminal window are not nearly wide enough to contain it.  This is large note #243</subfield>
  </datafield>
  <datafield tag="500" ind1=" " ind2=" ">
    <subfield code="a">This is a note.  This is a large note.  This is note that is so large, the margins of this terminal window are not nearly wide enough to contain it.  This is large note #244</subfield>
  </datafield>
  <datafield tag="500" ind1=" " ind2=" ">
    <subfield code="a">This is a note.  This is a large note.  This is note that is so large, the margins of this terminal window are not nearly wide enough to contain it.  This is large note #245</subfield>
  </datafield>
  <datafield tag="500" ind1=" " ind2=" ">
    <subfield code="a">This is a note.  This is a large note.  This is note that is so large, the margins of this terminal window are not nearly wide enough to contain it.  This is large note #246</subfield>
  </datafield>
  <datafield tag="500" ind1=" " ind2=" ">
    <subfield code="a">This is a note.  This is a large note.  This is note that is so large, the margins of this terminal window are not nearly wide enough to contain it.  This is large note #247</subfield>
  </datafield>
  <datafield tag="500" ind1=" " ind2=" ">
    <subfield code="a">This is a note.  This is a large note.  This is note that is so large, the margins of this terminal window are not nearly wide enough to contain it.  This is large note #248</subfield>
  </datafield>
  <datafield tag="500" ind1=" " ind2=" ">
    <subfield code="a">This is a note.  This is a large note.  This is note that is so large, the margins of this terminal window are not nearly wide enough to contain it.  This is large note #249</subfield>
  </datafield>
  <datafield tag="500" ind1=" " ind2=" ">
    <subfield code="a">This is a note.  This is a large note.  This is note that is so large, the margins of this terminal window are not nearly wide enough to contain it.  This is large note #250</subfield>
  </datafield>
  <datafield tag="500" ind1=" " ind2=" ">
    <subfield code="a">This is a note.  This is a large note.  This is note that is so large, the margins of this terminal window are not nearly wide enough to contain it.  This is large note #251</subfield>
  </datafield>
  <datafield tag="500" ind1=" " ind2=" ">
    <subfield code="a">This is a note.  This is a large note.  This is note that is so large, the margins of this terminal window are not nearly wide enough to contain it.  This is large note #252</subfield>
  </datafield>
  <datafield tag="500" ind1=" " ind2=" ">
    <subfield code="a">This is a note.  This is a large note.  This is note that is so large, the margins of this terminal window are not nearly wide enough to contain it.  This is large note #253</subfield>
  </datafield>
  <datafield tag="500" ind1=" " ind2=" ">
    <subfield code="a">This is a note.  This is a large note.  This is note that is so large, the margins of this terminal window are not nearly wide enough to contain it.  This is large note #254</subfield>
  </datafield>
  <datafield tag="500" ind1=" " ind2=" ">
    <subfield code="a">This is a note.  This is a large note.  This is note that is so large, the margins of this terminal window are not nearly wide enough to contain it.  This is large note #255</subfield>
  </datafield>
  <datafield tag="500" ind1=" " ind2=" ">
    <subfield code="a">This is a note.  This is a large note.  This is note that is so large, the margins of this terminal window are not nearly wide enough to contain it.  This is large note #256</subfield>
  </datafield>
  <datafield tag="500" ind1=" " ind2=" ">
    <subfield code="a">This is a note.  This is a large note.  This is note that is so large, the margins of this terminal window are not nearly wide enough to contain it.  This is large note #257</subfield>
  </datafield>
  <datafield tag="500" ind1=" " ind2=" ">
    <subfield code="a">This is a note.  This is a large note.  This is note that is so large, the margins of this terminal window are not nearly wide enough to contain it.  This is large note #258</subfield>
  </datafield>
  <datafield tag="500" ind1=" " ind2=" ">
    <subfield code="a">This is a note.  This is a large note.  This is note that is so large, the margins of this terminal window are not nearly wide enough to contain it.  This is large note #259</subfield>
  </datafield>
  <datafield tag="500" ind1=" " ind2=" ">
    <subfield code="a">This is a note.  This is a large note.  This is note that is so large, the margins of this terminal window are not nearly wide enough to contain it.  This is large note #260</subfield>
  </datafield>
  <datafield tag="500" ind1=" " ind2=" ">
    <subfield code="a">This is a note.  This is a large note.  This is note that is so large, the margins of this terminal window are not nearly wide enough to contain it.  This is large note #261</subfield>
  </datafield>
  <datafield tag="500" ind1=" " ind2=" ">
    <subfield code="a">This is a note.  This is a large note.  This is note that is so large, the margins of this terminal window are not nearly wide enough to contain it.  This is large note #262</subfield>
  </datafield>
  <datafield tag="500" ind1=" " ind2=" ">
    <subfield code="a">This is a note.  This is a large note.  This is note that is so large, the margins of this terminal window are not nearly wide enough to contain it.  This is large note #263</subfield>
  </datafield>
  <datafield tag="500" ind1=" " ind2=" ">
    <subfield code="a">This is a note.  This is a large note.  This is note that is so large, the margins of this terminal window are not nearly wide enough to contain it.  This is large note #264</subfield>
  </datafield>
  <datafield tag="500" ind1=" " ind2=" ">
    <subfield code="a">This is a note.  This is a large note.  This is note that is so large, the margins of this terminal window are not nearly wide enough to contain it.  This is large note #265</subfield>
  </datafield>
  <datafield tag="500" ind1=" " ind2=" ">
    <subfield code="a">This is a note.  This is a large note.  This is note that is so large, the margins of this terminal window are not nearly wide enough to contain it.  This is large note #266</subfield>
  </datafield>
  <datafield tag="500" ind1=" " ind2=" ">
    <subfield code="a">This is a note.  This is a large note.  This is note that is so large, the margins of this terminal window are not nearly wide enough to contain it.  This is large note #267</subfield>
  </datafield>
  <datafield tag="500" ind1=" " ind2=" ">
    <subfield code="a">This is a note.  This is a large note.  This is note that is so large, the margins of this terminal window are not nearly wide enough to contain it.  This is large note #268</subfield>
  </datafield>
  <datafield tag="500" ind1=" " ind2=" ">
    <subfield code="a">This is a note.  This is a large note.  This is note that is so large, the margins of this terminal window are not nearly wide enough to contain it.  This is large note #269</subfield>
  </datafield>
  <datafield tag="500" ind1=" " ind2=" ">
    <subfield code="a">This is a note.  This is a large note.  This is note that is so large, the margins of this terminal window are not nearly wide enough to contain it.  This is large note #270</subfield>
  </datafield>
  <datafield tag="500" ind1=" " ind2=" ">
    <subfield code="a">This is a note.  This is a large note.  This is note that is so large, the margins of this terminal window are not nearly wide enough to contain it.  This is large note #271</subfield>
  </datafield>
  <datafield tag="500" ind1=" " ind2=" ">
    <subfield code="a">This is a note.  This is a large note.  This is note that is so large, the margins of this terminal window are not nearly wide enough to contain it.  This is large note #272</subfield>
  </datafield>
  <datafield tag="500" ind1=" " ind2=" ">
    <subfield code="a">This is a note.  This is a large note.  This is note that is so large, the margins of this terminal window are not nearly wide enough to contain it.  This is large note #273</subfield>
  </datafield>
  <datafield tag="500" ind1=" " ind2=" ">
    <subfield code="a">This is a note.  This is a large note.  This is note that is so large, the margins of this terminal window are not nearly wide enough to contain it.  This is large note #274</subfield>
  </datafield>
  <datafield tag="500" ind1=" " ind2=" ">
    <subfield code="a">This is a note.  This is a large note.  This is note that is so large, the margins of this terminal window are not nearly wide enough to contain it.  This is large note #275</subfield>
  </datafield>
  <datafield tag="500" ind1=" " ind2=" ">
    <subfield code="a">This is a note.  This is a large note.  This is note that is so large, the margins of this terminal window are not nearly wide enough to contain it.  This is large note #276</subfield>
  </datafield>
  <datafield tag="500" ind1=" " ind2=" ">
    <subfield code="a">This is a note.  This is a large note.  This is note that is so large, the margins of this terminal window are not nearly wide enough to contain it.  This is large note #277</subfield>
  </datafield>
  <datafield tag="500" ind1=" " ind2=" ">
    <subfield code="a">This is a note.  This is a large note.  This is note that is so large, the margins of this terminal window are not nearly wide enough to contain it.  This is large note #278</subfield>
  </datafield>
  <datafield tag="500" ind1=" " ind2=" ">
    <subfield code="a">This is a note.  This is a large note.  This is note that is so large, the margins of this terminal window are not nearly wide enough to contain it.  This is large note #279</subfield>
  </datafield>
  <datafield tag="500" ind1=" " ind2=" ">
    <subfield code="a">This is a note.  This is a large note.  This is note that is so large, the margins of this terminal window are not nearly wide enough to contain it.  This is large note #280</subfield>
  </datafield>
  <datafield tag="500" ind1=" " ind2=" ">
    <subfield code="a">This is a note.  This is a large note.  This is note that is so large, the margins of this terminal window are not nearly wide enough to contain it.  This is large note #281</subfield>
  </datafield>
  <datafield tag="500" ind1=" " ind2=" ">
    <subfield code="a">This is a note.  This is a large note.  This is note that is so large, the margins of this terminal window are not nearly wide enough to contain it.  This is large note #282</subfield>
  </datafield>
  <datafield tag="500" ind1=" " ind2=" ">
    <subfield code="a">This is a note.  This is a large note.  This is note that is so large, the margins of this terminal window are not nearly wide enough to contain it.  This is large note #283</subfield>
  </datafield>
  <datafield tag="500" ind1=" " ind2=" ">
    <subfield code="a">This is a note.  This is a large note.  This is note that is so large, the margins of this terminal window are not nearly wide enough to contain it.  This is large note #284</subfield>
  </datafield>
  <datafield tag="500" ind1=" " ind2=" ">
    <subfield code="a">This is a note.  This is a large note.  This is note that is so large, the margins of this terminal window are not nearly wide enough to contain it.  This is large note #285</subfield>
  </datafield>
  <datafield tag="500" ind1=" " ind2=" ">
    <subfield code="a">This is a note.  This is a large note.  This is note that is so large, the margins of this terminal window are not nearly wide enough to contain it.  This is large note #286</subfield>
  </datafield>
  <datafield tag="500" ind1=" " ind2=" ">
    <subfield code="a">This is a note.  This is a large note.  This is note that is so large, the margins of this terminal window are not nearly wide enough to contain it.  This is large note #287</subfield>
  </datafield>
  <datafield tag="500" ind1=" " ind2=" ">
    <subfield code="a">This is a note.  This is a large note.  This is note that is so large, the margins of this terminal window are not nearly wide enough to contain it.  This is large note #288</subfield>
  </datafield>
  <datafield tag="500" ind1=" " ind2=" ">
    <subfield code="a">This is a note.  This is a large note.  This is note that is so large, the margins of this terminal window are not nearly wide enough to contain it.  This is large note #289</subfield>
  </datafield>
  <datafield tag="500" ind1=" " ind2=" ">
    <subfield code="a">This is a note.  This is a large note.  This is note that is so large, the margins of this terminal window are not nearly wide enough to contain it.  This is large note #290</subfield>
  </datafield>
  <datafield tag="500" ind1=" " ind2=" ">
    <subfield code="a">This is a note.  This is a large note.  This is note that is so large, the margins of this terminal window are not nearly wide enough to contain it.  This is large note #291</subfield>
  </datafield>
  <datafield tag="500" ind1=" " ind2=" ">
    <subfield code="a">This is a note.  This is a large note.  This is note that is so large, the margins of this terminal window are not nearly wide enough to contain it.  This is large note #292</subfield>
  </datafield>
  <datafield tag="500" ind1=" " ind2=" ">
    <subfield code="a">This is a note.  This is a large note.  This is note that is so large, the margins of this terminal window are not nearly wide enough to contain it.  This is large note #293</subfield>
  </datafield>
  <datafield tag="500" ind1=" " ind2=" ">
    <subfield code="a">This is a note.  This is a large note.  This is note that is so large, the margins of this terminal window are not nearly wide enough to contain it.  This is large note #294</subfield>
  </datafield>
  <datafield tag="500" ind1=" " ind2=" ">
    <subfield code="a">This is a note.  This is a large note.  This is note that is so large, the margins of this terminal window are not nearly wide enough to contain it.  This is large note #295</subfield>
  </datafield>
  <datafield tag="500" ind1=" " ind2=" ">
    <subfield code="a">This is a note.  This is a large note.  This is note that is so large, the margins of this terminal window are not nearly wide enough to contain it.  This is large note #296</subfield>
  </datafield>
  <datafield tag="500" ind1=" " ind2=" ">
    <subfield code="a">This is a note.  This is a large note.  This is note that is so large, the margins of this terminal window are not nearly wide enough to contain it.  This is large note #297</subfield>
  </datafield>
  <datafield tag="500" ind1=" " ind2=" ">
    <subfield code="a">This is a note.  This is a large note.  This is note that is so large, the margins of this terminal window are not nearly wide enough to contain it.  This is large note #298</subfield>
  </datafield>
  <datafield tag="500" ind1=" " ind2=" ">
    <subfield code="a">This is a note.  This is a large note.  This is note that is so large, the margins of this terminal window are not nearly wide enough to contain it.  This is large note #299</subfield>
  </datafield>
  <datafield tag="500" ind1=" " ind2=" ">
    <subfield code="a">This is a note.  This is a large note.  This is note that is so large, the margins of this terminal window are not nearly wide enough to contain it.  This is large note #300</subfield>
  </datafield>
  <datafield tag="500" ind1=" " ind2=" ">
    <subfield code="a">This is a note.  This is a large note.  This is note that is so large, the margins of this terminal window are not nearly wide enough to contain it.  This is large note #301</subfield>
  </datafield>
  <datafield tag="500" ind1=" " ind2=" ">
    <subfield code="a">This is a note.  This is a large note.  This is note that is so large, the margins of this terminal window are not nearly wide enough to contain it.  This is large note #302</subfield>
  </datafield>
  <datafield tag="500" ind1=" " ind2=" ">
    <subfield code="a">This is a note.  This is a large note.  This is note that is so large, the margins of this terminal window are not nearly wide enough to contain it.  This is large note #303</subfield>
  </datafield>
  <datafield tag="500" ind1=" " ind2=" ">
    <subfield code="a">This is a note.  This is a large note.  This is note that is so large, the margins of this terminal window are not nearly wide enough to contain it.  This is large note #304</subfield>
  </datafield>
  <datafield tag="500" ind1=" " ind2=" ">
    <subfield code="a">This is a note.  This is a large note.  This is note that is so large, the margins of this terminal window are not nearly wide enough to contain it.  This is large note #305</subfield>
  </datafield>
  <datafield tag="500" ind1=" " ind2=" ">
    <subfield code="a">This is a note.  This is a large note.  This is note that is so large, the margins of this terminal window are not nearly wide enough to contain it.  This is large note #306</subfield>
  </datafield>
  <datafield tag="500" ind1=" " ind2=" ">
    <subfield code="a">This is a note.  This is a large note.  This is note that is so large, the margins of this terminal window are not nearly wide enough to contain it.  This is large note #307</subfield>
  </datafield>
  <datafield tag="500" ind1=" " ind2=" ">
    <subfield code="a">This is a note.  This is a large note.  This is note that is so large, the margins of this terminal window are not nearly wide enough to contain it.  This is large note #308</subfield>
  </datafield>
  <datafield tag="500" ind1=" " ind2=" ">
    <subfield code="a">This is a note.  This is a large note.  This is note that is so large, the margins of this terminal window are not nearly wide enough to contain it.  This is large note #309</subfield>
  </datafield>
  <datafield tag="500" ind1=" " ind2=" ">
    <subfield code="a">This is a note.  This is a large note.  This is note that is so large, the margins of this terminal window are not nearly wide enough to contain it.  This is large note #310</subfield>
  </datafield>
  <datafield tag="500" ind1=" " ind2=" ">
    <subfield code="a">This is a note.  This is a large note.  This is note that is so large, the margins of this terminal window are not nearly wide enough to contain it.  This is large note #311</subfield>
  </datafield>
  <datafield tag="500" ind1=" " ind2=" ">
    <subfield code="a">This is a note.  This is a large note.  This is note that is so large, the margins of this terminal window are not nearly wide enough to contain it.  This is large note #312</subfield>
  </datafield>
  <datafield tag="500" ind1=" " ind2=" ">
    <subfield code="a">This is a note.  This is a large note.  This is note that is so large, the margins of this terminal window are not nearly wide enough to contain it.  This is large note #313</subfield>
  </datafield>
  <datafield tag="500" ind1=" " ind2=" ">
    <subfield code="a">This is a note.  This is a large note.  This is note that is so large, the margins of this terminal window are not nearly wide enough to contain it.  This is large note #314</subfield>
  </datafield>
  <datafield tag="500" ind1=" " ind2=" ">
    <subfield code="a">This is a note.  This is a large note.  This is note that is so large, the margins of this terminal window are not nearly wide enough to contain it.  This is large note #315</subfield>
  </datafield>
  <datafield tag="500" ind1=" " ind2=" ">
    <subfield code="a">This is a note.  This is a large note.  This is note that is so large, the margins of this terminal window are not nearly wide enough to contain it.  This is large note #316</subfield>
  </datafield>
  <datafield tag="500" ind1=" " ind2=" ">
    <subfield code="a">This is a note.  This is a large note.  This is note that is so large, the margins of this terminal window are not nearly wide enough to contain it.  This is large note #317</subfield>
  </datafield>
  <datafield tag="500" ind1=" " ind2=" ">
    <subfield code="a">This is a note.  This is a large note.  This is note that is so large, the margins of this terminal window are not nearly wide enough to contain it.  This is large note #318</subfield>
  </datafield>
  <datafield tag="500" ind1=" " ind2=" ">
    <subfield code="a">This is a note.  This is a large note.  This is note that is so large, the margins of this terminal window are not nearly wide enough to contain it.  This is large note #319</subfield>
  </datafield>
  <datafield tag="500" ind1=" " ind2=" ">
    <subfield code="a">This is a note.  This is a large note.  This is note that is so large, the margins of this terminal window are not nearly wide enough to contain it.  This is large note #320</subfield>
  </datafield>
  <datafield tag="500" ind1=" " ind2=" ">
    <subfield code="a">This is a note.  This is a large note.  This is note that is so large, the margins of this terminal window are not nearly wide enough to contain it.  This is large note #321</subfield>
  </datafield>
  <datafield tag="500" ind1=" " ind2=" ">
    <subfield code="a">This is a note.  This is a large note.  This is note that is so large, the margins of this terminal window are not nearly wide enough to contain it.  This is large note #322</subfield>
  </datafield>
  <datafield tag="500" ind1=" " ind2=" ">
    <subfield code="a">This is a note.  This is a large note.  This is note that is so large, the margins of this terminal window are not nearly wide enough to contain it.  This is large note #323</subfield>
  </datafield>
  <datafield tag="500" ind1=" " ind2=" ">
    <subfield code="a">This is a note.  This is a large note.  This is note that is so large, the margins of this terminal window are not nearly wide enough to contain it.  This is large note #324</subfield>
  </datafield>
  <datafield tag="500" ind1=" " ind2=" ">
    <subfield code="a">This is a note.  This is a large note.  This is note that is so large, the margins of this terminal window are not nearly wide enough to contain it.  This is large note #325</subfield>
  </datafield>
  <datafield tag="500" ind1=" " ind2=" ">
    <subfield code="a">This is a note.  This is a large note.  This is note that is so large, the margins of this terminal window are not nearly wide enough to contain it.  This is large note #326</subfield>
  </datafield>
  <datafield tag="500" ind1=" " ind2=" ">
    <subfield code="a">This is a note.  This is a large note.  This is note that is so large, the margins of this terminal window are not nearly wide enough to contain it.  This is large note #327</subfield>
  </datafield>
  <datafield tag="500" ind1=" " ind2=" ">
    <subfield code="a">This is a note.  This is a large note.  This is note that is so large, the margins of this terminal window are not nearly wide enough to contain it.  This is large note #328</subfield>
  </datafield>
  <datafield tag="500" ind1=" " ind2=" ">
    <subfield code="a">This is a note.  This is a large note.  This is note that is so large, the margins of this terminal window are not nearly wide enough to contain it.  This is large note #329</subfield>
  </datafield>
  <datafield tag="500" ind1=" " ind2=" ">
    <subfield code="a">This is a note.  This is a large note.  This is note that is so large, the margins of this terminal window are not nearly wide enough to contain it.  This is large note #330</subfield>
  </datafield>
  <datafield tag="500" ind1=" " ind2=" ">
    <subfield code="a">This is a note.  This is a large note.  This is note that is so large, the margins of this terminal window are not nearly wide enough to contain it.  This is large note #331</subfield>
  </datafield>
  <datafield tag="500" ind1=" " ind2=" ">
    <subfield code="a">This is a note.  This is a large note.  This is note that is so large, the margins of this terminal window are not nearly wide enough to contain it.  This is large note #332</subfield>
  </datafield>
  <datafield tag="500" ind1=" " ind2=" ">
    <subfield code="a">This is a note.  This is a large note.  This is note that is so large, the margins of this terminal window are not nearly wide enough to contain it.  This is large note #333</subfield>
  </datafield>
  <datafield tag="500" ind1=" " ind2=" ">
    <subfield code="a">This is a note.  This is a large note.  This is note that is so large, the margins of this terminal window are not nearly wide enough to contain it.  This is large note #334</subfield>
  </datafield>
  <datafield tag="500" ind1=" " ind2=" ">
    <subfield code="a">This is a note.  This is a large note.  This is note that is so large, the margins of this terminal window are not nearly wide enough to contain it.  This is large note #335</subfield>
  </datafield>
  <datafield tag="500" ind1=" " ind2=" ">
    <subfield code="a">This is a note.  This is a large note.  This is note that is so large, the margins of this terminal window are not nearly wide enough to contain it.  This is large note #336</subfield>
  </datafield>
  <datafield tag="500" ind1=" " ind2=" ">
    <subfield code="a">This is a note.  This is a large note.  This is note that is so large, the margins of this terminal window are not nearly wide enough to contain it.  This is large note #337</subfield>
  </datafield>
  <datafield tag="500" ind1=" " ind2=" ">
    <subfield code="a">This is a note.  This is a large note.  This is note that is so large, the margins of this terminal window are not nearly wide enough to contain it.  This is large note #338</subfield>
  </datafield>
  <datafield tag="500" ind1=" " ind2=" ">
    <subfield code="a">This is a note.  This is a large note.  This is note that is so large, the margins of this terminal window are not nearly wide enough to contain it.  This is large note #339</subfield>
  </datafield>
  <datafield tag="500" ind1=" " ind2=" ">
    <subfield code="a">This is a note.  This is a large note.  This is note that is so large, the margins of this terminal window are not nearly wide enough to contain it.  This is large note #340</subfield>
  </datafield>
  <datafield tag="500" ind1=" " ind2=" ">
    <subfield code="a">This is a note.  This is a large note.  This is note that is so large, the margins of this terminal window are not nearly wide enough to contain it.  This is large note #341</subfield>
  </datafield>
  <datafield tag="500" ind1=" " ind2=" ">
    <subfield code="a">This is a note.  This is a large note.  This is note that is so large, the margins of this terminal window are not nearly wide enough to contain it.  This is large note #342</subfield>
  </datafield>
  <datafield tag="500" ind1=" " ind2=" ">
    <subfield code="a">This is a note.  This is a large note.  This is note that is so large, the margins of this terminal window are not nearly wide enough to contain it.  This is large note #343</subfield>
  </datafield>
  <datafield tag="500" ind1=" " ind2=" ">
    <subfield code="a">This is a note.  This is a large note.  This is note that is so large, the margins of this terminal window are not nearly wide enough to contain it.  This is large note #344</subfield>
  </datafield>
  <datafield tag="500" ind1=" " ind2=" ">
    <subfield code="a">This is a note.  This is a large note.  This is note that is so large, the margins of this terminal window are not nearly wide enough to contain it.  This is large note #345</subfield>
  </datafield>
  <datafield tag="500" ind1=" " ind2=" ">
    <subfield code="a">This is a note.  This is a large note.  This is note that is so large, the margins of this terminal window are not nearly wide enough to contain it.  This is large note #346</subfield>
  </datafield>
  <datafield tag="500" ind1=" " ind2=" ">
    <subfield code="a">This is a note.  This is a large note.  This is note that is so large, the margins of this terminal window are not nearly wide enough to contain it.  This is large note #347</subfield>
  </datafield>
  <datafield tag="500" ind1=" " ind2=" ">
    <subfield code="a">This is a note.  This is a large note.  This is note that is so large, the margins of this terminal window are not nearly wide enough to contain it.  This is large note #348</subfield>
  </datafield>
  <datafield tag="500" ind1=" " ind2=" ">
    <subfield code="a">This is a note.  This is a large note.  This is note that is so large, the margins of this terminal window are not nearly wide enough to contain it.  This is large note #349</subfield>
  </datafield>
  <datafield tag="500" ind1=" " ind2=" ">
    <subfield code="a">This is a note.  This is a large note.  This is note that is so large, the margins of this terminal window are not nearly wide enough to contain it.  This is large note #350</subfield>
  </datafield>
  <datafield tag="500" ind1=" " ind2=" ">
    <subfield code="a">This is a note.  This is a large note.  This is note that is so large, the margins of this terminal window are not nearly wide enough to contain it.  This is large note #351</subfield>
  </datafield>
  <datafield tag="500" ind1=" " ind2=" ">
    <subfield code="a">This is a note.  This is a large note.  This is note that is so large, the margins of this terminal window are not nearly wide enough to contain it.  This is large note #352</subfield>
  </datafield>
  <datafield tag="500" ind1=" " ind2=" ">
    <subfield code="a">This is a note.  This is a large note.  This is note that is so large, the margins of this terminal window are not nearly wide enough to contain it.  This is large note #353</subfield>
  </datafield>
  <datafield tag="500" ind1=" " ind2=" ">
    <subfield code="a">This is a note.  This is a large note.  This is note that is so large, the margins of this terminal window are not nearly wide enough to contain it.  This is large note #354</subfield>
  </datafield>
  <datafield tag="500" ind1=" " ind2=" ">
    <subfield code="a">This is a note.  This is a large note.  This is note that is so large, the margins of this terminal window are not nearly wide enough to contain it.  This is large note #355</subfield>
  </datafield>
  <datafield tag="500" ind1=" " ind2=" ">
    <subfield code="a">This is a note.  This is a large note.  This is note that is so large, the margins of this terminal window are not nearly wide enough to contain it.  This is large note #356</subfield>
  </datafield>
  <datafield tag="500" ind1=" " ind2=" ">
    <subfield code="a">This is a note.  This is a large note.  This is note that is so large, the margins of this terminal window are not nearly wide enough to contain it.  This is large note #357</subfield>
  </datafield>
  <datafield tag="500" ind1=" " ind2=" ">
    <subfield code="a">This is a note.  This is a large note.  This is note that is so large, the margins of this terminal window are not nearly wide enough to contain it.  This is large note #358</subfield>
  </datafield>
  <datafield tag="500" ind1=" " ind2=" ">
    <subfield code="a">This is a note.  This is a large note.  This is note that is so large, the margins of this terminal window are not nearly wide enough to contain it.  This is large note #359</subfield>
  </datafield>
  <datafield tag="500" ind1=" " ind2=" ">
    <subfield code="a">This is a note.  This is a large note.  This is note that is so large, the margins of this terminal window are not nearly wide enough to contain it.  This is large note #360</subfield>
  </datafield>
  <datafield tag="500" ind1=" " ind2=" ">
    <subfield code="a">This is a note.  This is a large note.  This is note that is so large, the margins of this terminal window are not nearly wide enough to contain it.  This is large note #361</subfield>
  </datafield>
  <datafield tag="500" ind1=" " ind2=" ">
    <subfield code="a">This is a note.  This is a large note.  This is note that is so large, the margins of this terminal window are not nearly wide enough to contain it.  This is large note #362</subfield>
  </datafield>
  <datafield tag="500" ind1=" " ind2=" ">
    <subfield code="a">This is a note.  This is a large note.  This is note that is so large, the margins of this terminal window are not nearly wide enough to contain it.  This is large note #363</subfield>
  </datafield>
  <datafield tag="500" ind1=" " ind2=" ">
    <subfield code="a">This is a note.  This is a large note.  This is note that is so large, the margins of this terminal window are not nearly wide enough to contain it.  This is large note #364</subfield>
  </datafield>
  <datafield tag="500" ind1=" " ind2=" ">
    <subfield code="a">This is a note.  This is a large note.  This is note that is so large, the margins of this terminal window are not nearly wide enough to contain it.  This is large note #365</subfield>
  </datafield>
  <datafield tag="500" ind1=" " ind2=" ">
    <subfield code="a">This is a note.  This is a large note.  This is note that is so large, the margins of this terminal window are not nearly wide enough to contain it.  This is large note #366</subfield>
  </datafield>
  <datafield tag="500" ind1=" " ind2=" ">
    <subfield code="a">This is a note.  This is a large note.  This is note that is so large, the margins of this terminal window are not nearly wide enough to contain it.  This is large note #367</subfield>
  </datafield>
  <datafield tag="500" ind1=" " ind2=" ">
    <subfield code="a">This is a note.  This is a large note.  This is note that is so large, the margins of this terminal window are not nearly wide enough to contain it.  This is large note #368</subfield>
  </datafield>
  <datafield tag="500" ind1=" " ind2=" ">
    <subfield code="a">This is a note.  This is a large note.  This is note that is so large, the margins of this terminal window are not nearly wide enough to contain it.  This is large note #369</subfield>
  </datafield>
  <datafield tag="500" ind1=" " ind2=" ">
    <subfield code="a">This is a note.  This is a large note.  This is note that is so large, the margins of this terminal window are not nearly wide enough to contain it.  This is large note #370</subfield>
  </datafield>
  <datafield tag="500" ind1=" " ind2=" ">
    <subfield code="a">This is a note.  This is a large note.  This is note that is so large, the margins of this terminal window are not nearly wide enough to contain it.  This is large note #371</subfield>
  </datafield>
  <datafield tag="500" ind1=" " ind2=" ">
    <subfield code="a">This is a note.  This is a large note.  This is note that is so large, the margins of this terminal window are not nearly wide enough to contain it.  This is large note #372</subfield>
  </datafield>
  <datafield tag="500" ind1=" " ind2=" ">
    <subfield code="a">This is a note.  This is a large note.  This is note that is so large, the margins of this terminal window are not nearly wide enough to contain it.  This is large note #373</subfield>
  </datafield>
  <datafield tag="500" ind1=" " ind2=" ">
    <subfield code="a">This is a note.  This is a large note.  This is note that is so large, the margins of this terminal window are not nearly wide enough to contain it.  This is large note #374</subfield>
  </datafield>
  <datafield tag="500" ind1=" " ind2=" ">
    <subfield code="a">This is a note.  This is a large note.  This is note that is so large, the margins of this terminal window are not nearly wide enough to contain it.  This is large note #375</subfield>
  </datafield>
  <datafield tag="500" ind1=" " ind2=" ">
    <subfield code="a">This is a note.  This is a large note.  This is note that is so large, the margins of this terminal window are not nearly wide enough to contain it.  This is large note #376</subfield>
  </datafield>
  <datafield tag="500" ind1=" " ind2=" ">
    <subfield code="a">This is a note.  This is a large note.  This is note that is so large, the margins of this terminal window are not nearly wide enough to contain it.  This is large note #377</subfield>
  </datafield>
  <datafield tag="500" ind1=" " ind2=" ">
    <subfield code="a">This is a note.  This is a large note.  This is note that is so large, the margins of this terminal window are not nearly wide enough to contain it.  This is large note #378</subfield>
  </datafield>
  <datafield tag="500" ind1=" " ind2=" ">
    <subfield code="a">This is a note.  This is a large note.  This is note that is so large, the margins of this terminal window are not nearly wide enough to contain it.  This is large note #379</subfield>
  </datafield>
  <datafield tag="500" ind1=" " ind2=" ">
    <subfield code="a">This is a note.  This is a large note.  This is note that is so large, the margins of this terminal window are not nearly wide enough to contain it.  This is large note #380</subfield>
  </datafield>
  <datafield tag="500" ind1=" " ind2=" ">
    <subfield code="a">This is a note.  This is a large note.  This is note that is so large, the margins of this terminal window are not nearly wide enough to contain it.  This is large note #381</subfield>
  </datafield>
  <datafield tag="500" ind1=" " ind2=" ">
    <subfield code="a">This is a note.  This is a large note.  This is note that is so large, the margins of this terminal window are not nearly wide enough to contain it.  This is large note #382</subfield>
  </datafield>
  <datafield tag="500" ind1=" " ind2=" ">
    <subfield code="a">This is a note.  This is a large note.  This is note that is so large, the margins of this terminal window are not nearly wide enough to contain it.  This is large note #383</subfield>
  </datafield>
  <datafield tag="500" ind1=" " ind2=" ">
    <subfield code="a">This is a note.  This is a large note.  This is note that is so large, the margins of this terminal window are not nearly wide enough to contain it.  This is large note #384</subfield>
  </datafield>
  <datafield tag="500" ind1=" " ind2=" ">
    <subfield code="a">This is a note.  This is a large note.  This is note that is so large, the margins of this terminal window are not nearly wide enough to contain it.  This is large note #385</subfield>
  </datafield>
  <datafield tag="500" ind1=" " ind2=" ">
    <subfield code="a">This is a note.  This is a large note.  This is note that is so large, the margins of this terminal window are not nearly wide enough to contain it.  This is large note #386</subfield>
  </datafield>
  <datafield tag="500" ind1=" " ind2=" ">
    <subfield code="a">This is a note.  This is a large note.  This is note that is so large, the margins of this terminal window are not nearly wide enough to contain it.  This is large note #387</subfield>
  </datafield>
  <datafield tag="500" ind1=" " ind2=" ">
    <subfield code="a">This is a note.  This is a large note.  This is note that is so large, the margins of this terminal window are not nearly wide enough to contain it.  This is large note #388</subfield>
  </datafield>
  <datafield tag="500" ind1=" " ind2=" ">
    <subfield code="a">This is a note.  This is a large note.  This is note that is so large, the margins of this terminal window are not nearly wide enough to contain it.  This is large note #389</subfield>
  </datafield>
  <datafield tag="500" ind1=" " ind2=" ">
    <subfield code="a">This is a note.  This is a large note.  This is note that is so large, the margins of this terminal window are not nearly wide enough to contain it.  This is large note #390</subfield>
  </datafield>
  <datafield tag="500" ind1=" " ind2=" ">
    <subfield code="a">This is a note.  This is a large note.  This is note that is so large, the margins of this terminal window are not nearly wide enough to contain it.  This is large note #391</subfield>
  </datafield>
  <datafield tag="500" ind1=" " ind2=" ">
    <subfield code="a">This is a note.  This is a large note.  This is note that is so large, the margins of this terminal window are not nearly wide enough to contain it.  This is large note #392</subfield>
  </datafield>
  <datafield tag="500" ind1=" " ind2=" ">
    <subfield code="a">This is a note.  This is a large note.  This is note that is so large, the margins of this terminal window are not nearly wide enough to contain it.  This is large note #393</subfield>
  </datafield>
  <datafield tag="500" ind1=" " ind2=" ">
    <subfield code="a">This is a note.  This is a large note.  This is note that is so large, the margins of this terminal window are not nearly wide enough to contain it.  This is large note #394</subfield>
  </datafield>
  <datafield tag="500" ind1=" " ind2=" ">
    <subfield code="a">This is a note.  This is a large note.  This is note that is so large, the margins of this terminal window are not nearly wide enough to contain it.  This is large note #395</subfield>
  </datafield>
  <datafield tag="500" ind1=" " ind2=" ">
    <subfield code="a">This is a note.  This is a large note.  This is note that is so large, the margins of this terminal window are not nearly wide enough to contain it.  This is large note #396</subfield>
  </datafield>
  <datafield tag="500" ind1=" " ind2=" ">
    <subfield code="a">This is a note.  This is a large note.  This is note that is so large, the margins of this terminal window are not nearly wide enough to contain it.  This is large note #397</subfield>
  </datafield>
  <datafield tag="500" ind1=" " ind2=" ">
    <subfield code="a">This is a note.  This is a large note.  This is note that is so large, the margins of this terminal window are not nearly wide enough to contain it.  This is large note #398</subfield>
  </datafield>
  <datafield tag="500" ind1=" " ind2=" ">
    <subfield code="a">This is a note.  This is a large note.  This is note that is so large, the margins of this terminal window are not nearly wide enough to contain it.  This is large note #399</subfield>
  </datafield>
  <datafield tag="500" ind1=" " ind2=" ">
    <subfield code="a">This is a note.  This is a large note.  This is note that is so large, the margins of this terminal window are not nearly wide enough to contain it.  This is large note #400</subfield>
  </datafield>
  <datafield tag="500" ind1=" " ind2=" ">
    <subfield code="a">This is a note.  This is a large note.  This is note that is so large, the margins of this terminal window are not nearly wide enough to contain it.  This is large note #401</subfield>
  </datafield>
  <datafield tag="500" ind1=" " ind2=" ">
    <subfield code="a">This is a note.  This is a large note.  This is note that is so large, the margins of this terminal window are not nearly wide enough to contain it.  This is large note #402</subfield>
  </datafield>
  <datafield tag="500" ind1=" " ind2=" ">
    <subfield code="a">This is a note.  This is a large note.  This is note that is so large, the margins of this terminal window are not nearly wide enough to contain it.  This is large note #403</subfield>
  </datafield>
  <datafield tag="500" ind1=" " ind2=" ">
    <subfield code="a">This is a note.  This is a large note.  This is note that is so large, the margins of this terminal window are not nearly wide enough to contain it.  This is large note #404</subfield>
  </datafield>
  <datafield tag="500" ind1=" " ind2=" ">
    <subfield code="a">This is a note.  This is a large note.  This is note that is so large, the margins of this terminal window are not nearly wide enough to contain it.  This is large note #405</subfield>
  </datafield>
  <datafield tag="500" ind1=" " ind2=" ">
    <subfield code="a">This is a note.  This is a large note.  This is note that is so large, the margins of this terminal window are not nearly wide enough to contain it.  This is large note #406</subfield>
  </datafield>
  <datafield tag="500" ind1=" " ind2=" ">
    <subfield code="a">This is a note.  This is a large note.  This is note that is so large, the margins of this terminal window are not nearly wide enough to contain it.  This is large note #407</subfield>
  </datafield>
  <datafield tag="500" ind1=" " ind2=" ">
    <subfield code="a">This is a note.  This is a large note.  This is note that is so large, the margins of this terminal window are not nearly wide enough to contain it.  This is large note #408</subfield>
  </datafield>
  <datafield tag="500" ind1=" " ind2=" ">
    <subfield code="a">This is a note.  This is a large note.  This is note that is so large, the margins of this terminal window are not nearly wide enough to contain it.  This is large note #409</subfield>
  </datafield>
  <datafield tag="500" ind1=" " ind2=" ">
    <subfield code="a">This is a note.  This is a large note.  This is note that is so large, the margins of this terminal window are not nearly wide enough to contain it.  This is large note #410</subfield>
  </datafield>
  <datafield tag="500" ind1=" " ind2=" ">
    <subfield code="a">This is a note.  This is a large note.  This is note that is so large, the margins of this terminal window are not nearly wide enough to contain it.  This is large note #411</subfield>
  </datafield>
  <datafield tag="500" ind1=" " ind2=" ">
    <subfield code="a">This is a note.  This is a large note.  This is note that is so large, the margins of this terminal window are not nearly wide enough to contain it.  This is large note #412</subfield>
  </datafield>
  <datafield tag="500" ind1=" " ind2=" ">
    <subfield code="a">This is a note.  This is a large note.  This is note that is so large, the margins of this terminal window are not nearly wide enough to contain it.  This is large note #413</subfield>
  </datafield>
  <datafield tag="500" ind1=" " ind2=" ">
    <subfield code="a">This is a note.  This is a large note.  This is note that is so large, the margins of this terminal window are not nearly wide enough to contain it.  This is large note #414</subfield>
  </datafield>
  <datafield tag="500" ind1=" " ind2=" ">
    <subfield code="a">This is a note.  This is a large note.  This is note that is so large, the margins of this terminal window are not nearly wide enough to contain it.  This is large note #415</subfield>
  </datafield>
  <datafield tag="500" ind1=" " ind2=" ">
    <subfield code="a">This is a note.  This is a large note.  This is note that is so large, the margins of this terminal window are not nearly wide enough to contain it.  This is large note #416</subfield>
  </datafield>
  <datafield tag="500" ind1=" " ind2=" ">
    <subfield code="a">This is a note.  This is a large note.  This is note that is so large, the margins of this terminal window are not nearly wide enough to contain it.  This is large note #417</subfield>
  </datafield>
  <datafield tag="500" ind1=" " ind2=" ">
    <subfield code="a">This is a note.  This is a large note.  This is note that is so large, the margins of this terminal window are not nearly wide enough to contain it.  This is large note #418</subfield>
  </datafield>
  <datafield tag="500" ind1=" " ind2=" ">
    <subfield code="a">This is a note.  This is a large note.  This is note that is so large, the margins of this terminal window are not nearly wide enough to contain it.  This is large note #419</subfield>
  </datafield>
  <datafield tag="500" ind1=" " ind2=" ">
    <subfield code="a">This is a note.  This is a large note.  This is note that is so large, the margins of this terminal window are not nearly wide enough to contain it.  This is large note #420</subfield>
  </datafield>
  <datafield tag="500" ind1=" " ind2=" ">
    <subfield code="a">This is a note.  This is a large note.  This is note that is so large, the margins of this terminal window are not nearly wide enough to contain it.  This is large note #421</subfield>
  </datafield>
  <datafield tag="500" ind1=" " ind2=" ">
    <subfield code="a">This is a note.  This is a large note.  This is note that is so large, the margins of this terminal window are not nearly wide enough to contain it.  This is large note #422</subfield>
  </datafield>
  <datafield tag="500" ind1=" " ind2=" ">
    <subfield code="a">This is a note.  This is a large note.  This is note that is so large, the margins of this terminal window are not nearly wide enough to contain it.  This is large note #423</subfield>
  </datafield>
  <datafield tag="500" ind1=" " ind2=" ">
    <subfield code="a">This is a note.  This is a large note.  This is note that is so large, the margins of this terminal window are not nearly wide enough to contain it.  This is large note #424</subfield>
  </datafield>
  <datafield tag="500" ind1=" " ind2=" ">
    <subfield code="a">This is a note.  This is a large note.  This is note that is so large, the margins of this terminal window are not nearly wide enough to contain it.  This is large note #425</subfield>
  </datafield>
  <datafield tag="500" ind1=" " ind2=" ">
    <subfield code="a">This is a note.  This is a large note.  This is note that is so large, the margins of this terminal window are not nearly wide enough to contain it.  This is large note #426</subfield>
  </datafield>
  <datafield tag="500" ind1=" " ind2=" ">
    <subfield code="a">This is a note.  This is a large note.  This is note that is so large, the margins of this terminal window are not nearly wide enough to contain it.  This is large note #427</subfield>
  </datafield>
  <datafield tag="500" ind1=" " ind2=" ">
    <subfield code="a">This is a note.  This is a large note.  This is note that is so large, the margins of this terminal window are not nearly wide enough to contain it.  This is large note #428</subfield>
  </datafield>
  <datafield tag="500" ind1=" " ind2=" ">
    <subfield code="a">This is a note.  This is a large note.  This is note that is so large, the margins of this terminal window are not nearly wide enough to contain it.  This is large note #429</subfield>
  </datafield>
  <datafield tag="500" ind1=" " ind2=" ">
    <subfield code="a">This is a note.  This is a large note.  This is note that is so large, the margins of this terminal window are not nearly wide enough to contain it.  This is large note #430</subfield>
  </datafield>
  <datafield tag="500" ind1=" " ind2=" ">
    <subfield code="a">This is a note.  This is a large note.  This is note that is so large, the margins of this terminal window are not nearly wide enough to contain it.  This is large note #431</subfield>
  </datafield>
  <datafield tag="500" ind1=" " ind2=" ">
    <subfield code="a">This is a note.  This is a large note.  This is note that is so large, the margins of this terminal window are not nearly wide enough to contain it.  This is large note #432</subfield>
  </datafield>
  <datafield tag="500" ind1=" " ind2=" ">
    <subfield code="a">This is a note.  This is a large note.  This is note that is so large, the margins of this terminal window are not nearly wide enough to contain it.  This is large note #433</subfield>
  </datafield>
  <datafield tag="500" ind1=" " ind2=" ">
    <subfield code="a">This is a note.  This is a large note.  This is note that is so large, the margins of this terminal window are not nearly wide enough to contain it.  This is large note #434</subfield>
  </datafield>
  <datafield tag="500" ind1=" " ind2=" ">
    <subfield code="a">This is a note.  This is a large note.  This is note that is so large, the margins of this terminal window are not nearly wide enough to contain it.  This is large note #435</subfield>
  </datafield>
  <datafield tag="500" ind1=" " ind2=" ">
    <subfield code="a">This is a note.  This is a large note.  This is note that is so large, the margins of this terminal window are not nearly wide enough to contain it.  This is large note #436</subfield>
  </datafield>
  <datafield tag="500" ind1=" " ind2=" ">
    <subfield code="a">This is a note.  This is a large note.  This is note that is so large, the margins of this terminal window are not nearly wide enough to contain it.  This is large note #437</subfield>
  </datafield>
  <datafield tag="500" ind1=" " ind2=" ">
    <subfield code="a">This is a note.  This is a large note.  This is note that is so large, the margins of this terminal window are not nearly wide enough to contain it.  This is large note #438</subfield>
  </datafield>
  <datafield tag="500" ind1=" " ind2=" ">
    <subfield code="a">This is a note.  This is a large note.  This is note that is so large, the margins of this terminal window are not nearly wide enough to contain it.  This is large note #439</subfield>
  </datafield>
  <datafield tag="500" ind1=" " ind2=" ">
    <subfield code="a">This is a note.  This is a large note.  This is note that is so large, the margins of this terminal window are not nearly wide enough to contain it.  This is large note #440</subfield>
  </datafield>
  <datafield tag="500" ind1=" " ind2=" ">
    <subfield code="a">This is a note.  This is a large note.  This is note that is so large, the margins of this terminal window are not nearly wide enough to contain it.  This is large note #441</subfield>
  </datafield>
  <datafield tag="500" ind1=" " ind2=" ">
    <subfield code="a">This is a note.  This is a large note.  This is note that is so large, the margins of this terminal window are not nearly wide enough to contain it.  This is large note #442</subfield>
  </datafield>
  <datafield tag="500" ind1=" " ind2=" ">
    <subfield code="a">This is a note.  This is a large note.  This is note that is so large, the margins of this terminal window are not nearly wide enough to contain it.  This is large note #443</subfield>
  </datafield>
  <datafield tag="500" ind1=" " ind2=" ">
    <subfield code="a">This is a note.  This is a large note.  This is note that is so large, the margins of this terminal window are not nearly wide enough to contain it.  This is large note #444</subfield>
  </datafield>
  <datafield tag="500" ind1=" " ind2=" ">
    <subfield code="a">This is a note.  This is a large note.  This is note that is so large, the margins of this terminal window are not nearly wide enough to contain it.  This is large note #445</subfield>
  </datafield>
  <datafield tag="500" ind1=" " ind2=" ">
    <subfield code="a">This is a note.  This is a large note.  This is note that is so large, the margins of this terminal window are not nearly wide enough to contain it.  This is large note #446</subfield>
  </datafield>
  <datafield tag="500" ind1=" " ind2=" ">
    <subfield code="a">This is a note.  This is a large note.  This is note that is so large, the margins of this terminal window are not nearly wide enough to contain it.  This is large note #447</subfield>
  </datafield>
  <datafield tag="500" ind1=" " ind2=" ">
    <subfield code="a">This is a note.  This is a large note.  This is note that is so large, the margins of this terminal window are not nearly wide enough to contain it.  This is large note #448</subfield>
  </datafield>
  <datafield tag="500" ind1=" " ind2=" ">
    <subfield code="a">This is a note.  This is a large note.  This is note that is so large, the margins of this terminal window are not nearly wide enough to contain it.  This is large note #449</subfield>
  </datafield>
  <datafield tag="500" ind1=" " ind2=" ">
    <subfield code="a">This is a note.  This is a large note.  This is note that is so large, the margins of this terminal window are not nearly wide enough to contain it.  This is large note #450</subfield>
  </datafield>
  <datafield tag="500" ind1=" " ind2=" ">
    <subfield code="a">This is a note.  This is a large note.  This is note that is so large, the margins of this terminal window are not nearly wide enough to contain it.  This is large note #451</subfield>
  </datafield>
  <datafield tag="500" ind1=" " ind2=" ">
    <subfield code="a">This is a note.  This is a large note.  This is note that is so large, the margins of this terminal window are not nearly wide enough to contain it.  This is large note #452</subfield>
  </datafield>
  <datafield tag="500" ind1=" " ind2=" ">
    <subfield code="a">This is a note.  This is a large note.  This is note that is so large, the margins of this terminal window are not nearly wide enough to contain it.  This is large note #453</subfield>
  </datafield>
  <datafield tag="500" ind1=" " ind2=" ">
    <subfield code="a">This is a note.  This is a large note.  This is note that is so large, the margins of this terminal window are not nearly wide enough to contain it.  This is large note #454</subfield>
  </datafield>
  <datafield tag="500" ind1=" " ind2=" ">
    <subfield code="a">This is a note.  This is a large note.  This is note that is so large, the margins of this terminal window are not nearly wide enough to contain it.  This is large note #455</subfield>
  </datafield>
  <datafield tag="500" ind1=" " ind2=" ">
    <subfield code="a">This is a note.  This is a large note.  This is note that is so large, the margins of this terminal window are not nearly wide enough to contain it.  This is large note #456</subfield>
  </datafield>
  <datafield tag="500" ind1=" " ind2=" ">
    <subfield code="a">This is a note.  This is a large note.  This is note that is so large, the margins of this terminal window are not nearly wide enough to contain it.  This is large note #457</subfield>
  </datafield>
  <datafield tag="500" ind1=" " ind2=" ">
    <subfield code="a">This is a note.  This is a large note.  This is note that is so large, the margins of this terminal window are not nearly wide enough to contain it.  This is large note #458</subfield>
  </datafield>
  <datafield tag="500" ind1=" " ind2=" ">
    <subfield code="a">This is a note.  This is a large note.  This is note that is so large, the margins of this terminal window are not nearly wide enough to contain it.  This is large note #459</subfield>
  </datafield>
  <datafield tag="500" ind1=" " ind2=" ">
    <subfield code="a">This is a note.  This is a large note.  This is note that is so large, the margins of this terminal window are not nearly wide enough to contain it.  This is large note #460</subfield>
  </datafield>
  <datafield tag="500" ind1=" " ind2=" ">
    <subfield code="a">This is a note.  This is a large note.  This is note that is so large, the margins of this terminal window are not nearly wide enough to contain it.  This is large note #461</subfield>
  </datafield>
  <datafield tag="500" ind1=" " ind2=" ">
    <subfield code="a">This is a note.  This is a large note.  This is note that is so large, the margins of this terminal window are not nearly wide enough to contain it.  This is large note #462</subfield>
  </datafield>
  <datafield tag="500" ind1=" " ind2=" ">
    <subfield code="a">This is a note.  This is a large note.  This is note that is so large, the margins of this terminal window are not nearly wide enough to contain it.  This is large note #463</subfield>
  </datafield>
  <datafield tag="500" ind1=" " ind2=" ">
    <subfield code="a">This is a note.  This is a large note.  This is note that is so large, the margins of this terminal window are not nearly wide enough to contain it.  This is large note #464</subfield>
  </datafield>
  <datafield tag="500" ind1=" " ind2=" ">
    <subfield code="a">This is a note.  This is a large note.  This is note that is so large, the margins of this terminal window are not nearly wide enough to contain it.  This is large note #465</subfield>
  </datafield>
  <datafield tag="500" ind1=" " ind2=" ">
    <subfield code="a">This is a note.  This is a large note.  This is note that is so large, the margins of this terminal window are not nearly wide enough to contain it.  This is large note #466</subfield>
  </datafield>
  <datafield tag="500" ind1=" " ind2=" ">
    <subfield code="a">This is a note.  This is a large note.  This is note that is so large, the margins of this terminal window are not nearly wide enough to contain it.  This is large note #467</subfield>
  </datafield>
  <datafield tag="500" ind1=" " ind2=" ">
    <subfield code="a">This is a note.  This is a large note.  This is note that is so large, the margins of this terminal window are not nearly wide enough to contain it.  This is large note #468</subfield>
  </datafield>
  <datafield tag="500" ind1=" " ind2=" ">
    <subfield code="a">This is a note.  This is a large note.  This is note that is so large, the margins of this terminal window are not nearly wide enough to contain it.  This is large note #469</subfield>
  </datafield>
  <datafield tag="500" ind1=" " ind2=" ">
    <subfield code="a">This is a note.  This is a large note.  This is note that is so large, the margins of this terminal window are not nearly wide enough to contain it.  This is large note #470</subfield>
  </datafield>
  <datafield tag="500" ind1=" " ind2=" ">
    <subfield code="a">This is a note.  This is a large note.  This is note that is so large, the margins of this terminal window are not nearly wide enough to contain it.  This is large note #471</subfield>
  </datafield>
  <datafield tag="500" ind1=" " ind2=" ">
    <subfield code="a">This is a note.  This is a large note.  This is note that is so large, the margins of this terminal window are not nearly wide enough to contain it.  This is large note #472</subfield>
  </datafield>
  <datafield tag="500" ind1=" " ind2=" ">
    <subfield code="a">This is a note.  This is a large note.  This is note that is so large, the margins of this terminal window are not nearly wide enough to contain it.  This is large note #473</subfield>
  </datafield>
  <datafield tag="500" ind1=" " ind2=" ">
    <subfield code="a">This is a note.  This is a large note.  This is note that is so large, the margins of this terminal window are not nearly wide enough to contain it.  This is large note #474</subfield>
  </datafield>
  <datafield tag="500" ind1=" " ind2=" ">
    <subfield code="a">This is a note.  This is a large note.  This is note that is so large, the margins of this terminal window are not nearly wide enough to contain it.  This is large note #475</subfield>
  </datafield>
  <datafield tag="500" ind1=" " ind2=" ">
    <subfield code="a">This is a note.  This is a large note.  This is note that is so large, the margins of this terminal window are not nearly wide enough to contain it.  This is large note #476</subfield>
  </datafield>
  <datafield tag="500" ind1=" " ind2=" ">
    <subfield code="a">This is a note.  This is a large note.  This is note that is so large, the margins of this terminal window are not nearly wide enough to contain it.  This is large note #477</subfield>
  </datafield>
  <datafield tag="500" ind1=" " ind2=" ">
    <subfield code="a">This is a note.  This is a large note.  This is note that is so large, the margins of this terminal window are not nearly wide enough to contain it.  This is large note #478</subfield>
  </datafield>
  <datafield tag="500" ind1=" " ind2=" ">
    <subfield code="a">This is a note.  This is a large note.  This is note that is so large, the margins of this terminal window are not nearly wide enough to contain it.  This is large note #479</subfield>
  </datafield>
  <datafield tag="500" ind1=" " ind2=" ">
    <subfield code="a">This is a note.  This is a large note.  This is note that is so large, the margins of this terminal window are not nearly wide enough to contain it.  This is large note #480</subfield>
  </datafield>
  <datafield tag="500" ind1=" " ind2=" ">
    <subfield code="a">This is a note.  This is a large note.  This is note that is so large, the margins of this terminal window are not nearly wide enough to contain it.  This is large note #481</subfield>
  </datafield>
  <datafield tag="500" ind1=" " ind2=" ">
    <subfield code="a">This is a note.  This is a large note.  This is note that is so large, the margins of this terminal window are not nearly wide enough to contain it.  This is large note #482</subfield>
  </datafield>
  <datafield tag="500" ind1=" " ind2=" ">
    <subfield code="a">This is a note.  This is a large note.  This is note that is so large, the margins of this terminal window are not nearly wide enough to contain it.  This is large note #483</subfield>
  </datafield>
  <datafield tag="500" ind1=" " ind2=" ">
    <subfield code="a">This is a note.  This is a large note.  This is note that is so large, the margins of this terminal window are not nearly wide enough to contain it.  This is large note #484</subfield>
  </datafield>
  <datafield tag="500" ind1=" " ind2=" ">
    <subfield code="a">This is a note.  This is a large note.  This is note that is so large, the margins of this terminal window are not nearly wide enough to contain it.  This is large note #485</subfield>
  </datafield>
  <datafield tag="500" ind1=" " ind2=" ">
    <subfield code="a">This is a note.  This is a large note.  This is note that is so large, the margins of this terminal window are not nearly wide enough to contain it.  This is large note #486</subfield>
  </datafield>
  <datafield tag="500" ind1=" " ind2=" ">
    <subfield code="a">This is a note.  This is a large note.  This is note that is so large, the margins of this terminal window are not nearly wide enough to contain it.  This is large note #487</subfield>
  </datafield>
  <datafield tag="500" ind1=" " ind2=" ">
    <subfield code="a">This is a note.  This is a large note.  This is note that is so large, the margins of this terminal window are not nearly wide enough to contain it.  This is large note #488</subfield>
  </datafield>
  <datafield tag="500" ind1=" " ind2=" ">
    <subfield code="a">This is a note.  This is a large note.  This is note that is so large, the margins of this terminal window are not nearly wide enough to contain it.  This is large note #489</subfield>
  </datafield>
  <datafield tag="500" ind1=" " ind2=" ">
    <subfield code="a">This is a note.  This is a large note.  This is note that is so large, the margins of this terminal window are not nearly wide enough to contain it.  This is large note #490</subfield>
  </datafield>
  <datafield tag="500" ind1=" " ind2=" ">
    <subfield code="a">This is a note.  This is a large note.  This is note that is so large, the margins of this terminal window are not nearly wide enough to contain it.  This is large note #491</subfield>
  </datafield>
  <datafield tag="500" ind1=" " ind2=" ">
    <subfield code="a">This is a note.  This is a large note.  This is note that is so large, the margins of this terminal window are not nearly wide enough to contain it.  This is large note #492</subfield>
  </datafield>
  <datafield tag="500" ind1=" " ind2=" ">
    <subfield code="a">This is a note.  This is a large note.  This is note that is so large, the margins of this terminal window are not nearly wide enough to contain it.  This is large note #493</subfield>
  </datafield>
  <datafield tag="500" ind1=" " ind2=" ">
    <subfield code="a">This is a note.  This is a large note.  This is note that is so large, the margins of this terminal window are not nearly wide enough to contain it.  This is large note #494</subfield>
  </datafield>
  <datafield tag="500" ind1=" " ind2=" ">
    <subfield code="a">This is a note.  This is a large note.  This is note that is so large, the margins of this terminal window are not nearly wide enough to contain it.  This is large note #495</subfield>
  </datafield>
  <datafield tag="500" ind1=" " ind2=" ">
    <subfield code="a">This is a note.  This is a large note.  This is note that is so large, the margins of this terminal window are not nearly wide enough to contain it.  This is large note #496</subfield>
  </datafield>
  <datafield tag="500" ind1=" " ind2=" ">
    <subfield code="a">This is a note.  This is a large note.  This is note that is so large, the margins of this terminal window are not nearly wide enough to contain it.  This is large note #497</subfield>
  </datafield>
  <datafield tag="500" ind1=" " ind2=" ">
    <subfield code="a">This is a note.  This is a large note.  This is note that is so large, the margins of this terminal window are not nearly wide enough to contain it.  This is large note #498</subfield>
  </datafield>
  <datafield tag="500" ind1=" " ind2=" ">
    <subfield code="a">This is a note.  This is a large note.  This is note that is so large, the margins of this terminal window are not nearly wide enough to contain it.  This is large note #499</subfield>
  </datafield>
  <datafield tag="500" ind1=" " ind2=" ">
    <subfield code="a">This is a note.  This is a large note.  This is note that is so large, the margins of this terminal window are not nearly wide enough to contain it.  This is large note #500</subfield>
  </datafield>
  <datafield tag="500" ind1=" " ind2=" ">
    <subfield code="a">This is a note.  This is a large note.  This is note that is so large, the margins of this terminal window are not nearly wide enough to contain it.  This is large note #501</subfield>
  </datafield>
  <datafield tag="500" ind1=" " ind2=" ">
    <subfield code="a">This is a note.  This is a large note.  This is note that is so large, the margins of this terminal window are not nearly wide enough to contain it.  This is large note #502</subfield>
  </datafield>
  <datafield tag="500" ind1=" " ind2=" ">
    <subfield code="a">This is a note.  This is a large note.  This is note that is so large, the margins of this terminal window are not nearly wide enough to contain it.  This is large note #503</subfield>
  </datafield>
  <datafield tag="500" ind1=" " ind2=" ">
    <subfield code="a">This is a note.  This is a large note.  This is note that is so large, the margins of this terminal window are not nearly wide enough to contain it.  This is large note #504</subfield>
  </datafield>
  <datafield tag="500" ind1=" " ind2=" ">
    <subfield code="a">This is a note.  This is a large note.  This is note that is so large, the margins of this terminal window are not nearly wide enough to contain it.  This is large note #505</subfield>
  </datafield>
  <datafield tag="500" ind1=" " ind2=" ">
    <subfield code="a">This is a note.  This is a large note.  This is note that is so large, the margins of this terminal window are not nearly wide enough to contain it.  This is large note #506</subfield>
  </datafield>
  <datafield tag="500" ind1=" " ind2=" ">
    <subfield code="a">This is a note.  This is a large note.  This is note that is so large, the margins of this terminal window are not nearly wide enough to contain it.  This is large note #507</subfield>
  </datafield>
  <datafield tag="500" ind1=" " ind2=" ">
    <subfield code="a">This is a note.  This is a large note.  This is note that is so large, the margins of this terminal window are not nearly wide enough to contain it.  This is large note #508</subfield>
  </datafield>
  <datafield tag="500" ind1=" " ind2=" ">
    <subfield code="a">This is a note.  This is a large note.  This is note that is so large, the margins of this terminal window are not nearly wide enough to contain it.  This is large note #509</subfield>
  </datafield>
  <datafield tag="500" ind1=" " ind2=" ">
    <subfield code="a">This is a note.  This is a large note.  This is note that is so large, the margins of this terminal window are not nearly wide enough to contain it.  This is large note #510</subfield>
  </datafield>
  <datafield tag="500" ind1=" " ind2=" ">
    <subfield code="a">This is a note.  This is a large note.  This is note that is so large, the margins of this terminal window are not nearly wide enough to contain it.  This is large note #511</subfield>
  </datafield>
  <datafield tag="500" ind1=" " ind2=" ">
    <subfield code="a">This is a note.  This is a large note.  This is note that is so large, the margins of this terminal window are not nearly wide enough to contain it.  This is large note #512</subfield>
  </datafield>
  <datafield tag="500" ind1=" " ind2=" ">
    <subfield code="a">This is a note.  This is a large note.  This is note that is so large, the margins of this terminal window are not nearly wide enough to contain it.  This is large note #513</subfield>
  </datafield>
  <datafield tag="500" ind1=" " ind2=" ">
    <subfield code="a">This is a note.  This is a large note.  This is note that is so large, the margins of this terminal window are not nearly wide enough to contain it.  This is large note #514</subfield>
  </datafield>
  <datafield tag="500" ind1=" " ind2=" ">
    <subfield code="a">This is a note.  This is a large note.  This is note that is so large, the margins of this terminal window are not nearly wide enough to contain it.  This is large note #515</subfield>
  </datafield>
  <datafield tag="500" ind1=" " ind2=" ">
    <subfield code="a">This is a note.  This is a large note.  This is note that is so large, the margins of this terminal window are not nearly wide enough to contain it.  This is large note #516</subfield>
  </datafield>
  <datafield tag="500" ind1=" " ind2=" ">
    <subfield code="a">This is a note.  This is a large note.  This is note that is so large, the margins of this terminal window are not nearly wide enough to contain it.  This is large note #517</subfield>
  </datafield>
  <datafield tag="500" ind1=" " ind2=" ">
    <subfield code="a">This is a note.  This is a large note.  This is note that is so large, the margins of this terminal window are not nearly wide enough to contain it.  This is large note #518</subfield>
  </datafield>
  <datafield tag="500" ind1=" " ind2=" ">
    <subfield code="a">This is a note.  This is a large note.  This is note that is so large, the margins of this terminal window are not nearly wide enough to contain it.  This is large note #519</subfield>
  </datafield>
  <datafield tag="500" ind1=" " ind2=" ">
    <subfield code="a">This is a note.  This is a large note.  This is note that is so large, the margins of this terminal window are not nearly wide enough to contain it.  This is large note #520</subfield>
  </datafield>
  <datafield tag="500" ind1=" " ind2=" ">
    <subfield code="a">This is a note.  This is a large note.  This is note that is so large, the margins of this terminal window are not nearly wide enough to contain it.  This is large note #521</subfield>
  </datafield>
  <datafield tag="500" ind1=" " ind2=" ">
    <subfield code="a">This is a note.  This is a large note.  This is note that is so large, the margins of this terminal window are not nearly wide enough to contain it.  This is large note #522</subfield>
  </datafield>
  <datafield tag="500" ind1=" " ind2=" ">
    <subfield code="a">This is a note.  This is a large note.  This is note that is so large, the margins of this terminal window are not nearly wide enough to contain it.  This is large note #523</subfield>
  </datafield>
  <datafield tag="500" ind1=" " ind2=" ">
    <subfield code="a">This is a note.  This is a large note.  This is note that is so large, the margins of this terminal window are not nearly wide enough to contain it.  This is large note #524</subfield>
  </datafield>
  <datafield tag="500" ind1=" " ind2=" ">
    <subfield code="a">This is a note.  This is a large note.  This is note that is so large, the margins of this terminal window are not nearly wide enough to contain it.  This is large note #525</subfield>
  </datafield>
  <datafield tag="500" ind1=" " ind2=" ">
    <subfield code="a">This is a note.  This is a large note.  This is note that is so large, the margins of this terminal window are not nearly wide enough to contain it.  This is large note #526</subfield>
  </datafield>
  <datafield tag="500" ind1=" " ind2=" ">
    <subfield code="a">This is a note.  This is a large note.  This is note that is so large, the margins of this terminal window are not nearly wide enough to contain it.  This is large note #527</subfield>
  </datafield>
  <datafield tag="500" ind1=" " ind2=" ">
    <subfield code="a">This is a note.  This is a large note.  This is note that is so large, the margins of this terminal window are not nearly wide enough to contain it.  This is large note #528</subfield>
  </datafield>
  <datafield tag="500" ind1=" " ind2=" ">
    <subfield code="a">This is a note.  This is a large note.  This is note that is so large, the margins of this terminal window are not nearly wide enough to contain it.  This is large note #529</subfield>
  </datafield>
  <datafield tag="500" ind1=" " ind2=" ">
    <subfield code="a">This is a note.  This is a large note.  This is note that is so large, the margins of this terminal window are not nearly wide enough to contain it.  This is large note #530</subfield>
  </datafield>
  <datafield tag="500" ind1=" " ind2=" ">
    <subfield code="a">This is a note.  This is a large note.  This is note that is so large, the margins of this terminal window are not nearly wide enough to contain it.  This is large note #531</subfield>
  </datafield>
  <datafield tag="500" ind1=" " ind2=" ">
    <subfield code="a">This is a note.  This is a large note.  This is note that is so large, the margins of this terminal window are not nearly wide enough to contain it.  This is large note #532</subfield>
  </datafield>
  <datafield tag="500" ind1=" " ind2=" ">
    <subfield code="a">This is a note.  This is a large note.  This is note that is so large, the margins of this terminal window are not nearly wide enough to contain it.  This is large note #533</subfield>
  </datafield>
  <datafield tag="500" ind1=" " ind2=" ">
    <subfield code="a">This is a note.  This is a large note.  This is note that is so large, the margins of this terminal window are not nearly wide enough to contain it.  This is large note #534</subfield>
  </datafield>
  <datafield tag="500" ind1=" " ind2=" ">
    <subfield code="a">This is a note.  This is a large note.  This is note that is so large, the margins of this terminal window are not nearly wide enough to contain it.  This is large note #535</subfield>
  </datafield>
  <datafield tag="500" ind1=" " ind2=" ">
    <subfield code="a">This is a note.  This is a large note.  This is note that is so large, the margins of this terminal window are not nearly wide enough to contain it.  This is large note #536</subfield>
  </datafield>
  <datafield tag="500" ind1=" " ind2=" ">
    <subfield code="a">This is a note.  This is a large note.  This is note that is so large, the margins of this terminal window are not nearly wide enough to contain it.  This is large note #537</subfield>
  </datafield>
  <datafield tag="500" ind1=" " ind2=" ">
    <subfield code="a">This is a note.  This is a large note.  This is note that is so large, the margins of this terminal window are not nearly wide enough to contain it.  This is large note #538</subfield>
  </datafield>
  <datafield tag="500" ind1=" " ind2=" ">
    <subfield code="a">This is a note.  This is a large note.  This is note that is so large, the margins of this terminal window are not nearly wide enough to contain it.  This is large note #539</subfield>
  </datafield>
  <datafield tag="500" ind1=" " ind2=" ">
    <subfield code="a">This is a note.  This is a large note.  This is note that is so large, the margins of this terminal window are not nearly wide enough to contain it.  This is large note #540</subfield>
  </datafield>
  <datafield tag="500" ind1=" " ind2=" ">
    <subfield code="a">This is a note.  This is a large note.  This is note that is so large, the margins of this terminal window are not nearly wide enough to contain it.  This is large note #541</subfield>
  </datafield>
  <datafield tag="500" ind1=" " ind2=" ">
    <subfield code="a">This is a note.  This is a large note.  This is note that is so large, the margins of this terminal window are not nearly wide enough to contain it.  This is large note #542</subfield>
  </datafield>
  <datafield tag="500" ind1=" " ind2=" ">
    <subfield code="a">This is a note.  This is a large note.  This is note that is so large, the margins of this terminal window are not nearly wide enough to contain it.  This is large note #543</subfield>
  </datafield>
  <datafield tag="500" ind1=" " ind2=" ">
    <subfield code="a">This is a note.  This is a large note.  This is note that is so large, the margins of this terminal window are not nearly wide enough to contain it.  This is large note #544</subfield>
  </datafield>
  <datafield tag="500" ind1=" " ind2=" ">
    <subfield code="a">This is a note.  This is a large note.  This is note that is so large, the margins of this terminal window are not nearly wide enough to contain it.  This is large note #545</subfield>
  </datafield>
  <datafield tag="500" ind1=" " ind2=" ">
    <subfield code="a">This is a note.  This is a large note.  This is note that is so large, the margins of this terminal window are not nearly wide enough to contain it.  This is large note #546</subfield>
  </datafield>
  <datafield tag="500" ind1=" " ind2=" ">
    <subfield code="a">This is a note.  This is a large note.  This is note that is so large, the margins of this terminal window are not nearly wide enough to contain it.  This is large note #547</subfield>
  </datafield>
  <datafield tag="500" ind1=" " ind2=" ">
    <subfield code="a">This is a note.  This is a large note.  This is note that is so large, the margins of this terminal window are not nearly wide enough to contain it.  This is large note #548</subfield>
  </datafield>
  <datafield tag="500" ind1=" " ind2=" ">
    <subfield code="a">This is a note.  This is a large note.  This is note that is so large, the margins of this terminal window are not nearly wide enough to contain it.  This is large note #549</subfield>
  </datafield>
  <datafield tag="500" ind1=" " ind2=" ">
    <subfield code="a">This is a note.  This is a large note.  This is note that is so large, the margins of this terminal window are not nearly wide enough to contain it.  This is large note #550</subfield>
  </datafield>
  <datafield tag="952" ind1=" " ind2=" ">
    <subfield code="p">aaabbb</subfield>
    <subfield code="7">1</subfield>
  </datafield>
  <datafield tag="952" ind1=" " ind2=" ">
    <subfield code="p">bbbccc</subfield>
    <subfield code="7">0</subfield>
  </datafield>
  <datafield tag="952" ind1=" " ind2=" ">
    <subfield code="p">cccddd</subfield>
    <subfield code="7">1</subfield>
  </datafield>
  <datafield tag="999" ind1=" " ind2=" ">
    <subfield code="c">300</subfield>
    <subfield code="d">300</subfield>
  </datafield>
</record>
</collection>
